2692 5018
296 265 366 331 AD
404 266 635 337 MARCUM
668 270 899 344 BRUTUM.
1080 288 1142 354 tas

58 430 118 484 tur
146 439 323 484 numerosa
357 418 482 500 oratio,
523 419 551 484 si
590 432 650 486 aut
684 422 891 490 laudandum
929 439 977 494 est
1006 420 1130 518 aliquid
1147 441 1200 499 tto

59 521 227 603 ornatius,
272 531 310 584 ut
340 541 401 585 nos
435 522 472 586 in
500 522 726 589 Accusationis
760 528 908 593 secundo
936 530 979 593 de
1007 533 1140 601 Siciliae

58 625 158 691 laude
178 622 345 703 diximus,
369 633 404 688 ut
427 622 463 689 in
482 637 597 693 senatu
619 626 661 690 de
682 629 857 694 consulatu
880 653 972 712 meo,
996 646 1054 699 aut
1076 659 1139 703 ex·

60 725 220 812 ponenda
242 723 409 802 narratio,
439 745 524 808 quae
555 728 630 813 plus
658 727 826 813 dignitatis
846 730 1012 798 desiderat
1035 756 1137 820 quam

59 828 203 903 doloris,
242 834 280 888 ut
305 823 341 888 iu
373 836 492 908 quarto
520 829 745 923 Accusationis
768 832 978 899 de·Enneusi
1000 836 1136 924 Cerere,

59 931 102 995 de
123 929 299 1013 Segestana
311 926 436 1005 Diana,
459 927 500 992 de
514 928 756 1016 Syracusarum
768 933 833 998 situ
847 934 1005 1001 diximus.
1030 935 1137 1026 Saepe

60 1032 160 1097 etiam
188 1029 222 1094 in
252 1025 487 1114 amplificanda
520 1053 558 1094 re
593 1055 751 1098 concessu
787 1035 942 1099 omnium
981 1034 1137 1101 funditur

60 1154 238 1199 numerose
265 1141 298 1194 et
324 1129 514 1197 volubiliter
546 1135 667 1201 oratio.
730 1134 768 1199 Id
799 1157 861 1200 nos
890 1135 1028 1201 fortasse
1064 1159 1135 1203 nou

61 1235 281 1327 perfecimus,
305 1231 415 1295 conati
439 1231 574 1317 quidem
590 1235 783 1323 saepissime
798 1259 931 1302 sumus:
953 1237 1042 1324 quod
1057 1239 1136 1326 plu-

61 1337 153 1405 rimis
175 1337 255 1401 locis
276 1333 506 1420 perorationes
519 1348 653 1401 nostrae
669 1337 811 1403 voluisse
826 1361 887 1403 nos
903 1351 1003 1423 atque
1021 1339 1134 1405 animo

63 1438 267 1505 contendisse
289 1437 470 1501 declarant.
514 1435 550 1501 ld
573 1447 684 1503 autem
707 1449 779 1504 tum
799 1441 902 1519 valet,
925 1441 1051 1507 cumis
1074 1438 1134 1526 qui

55 1542 152 1625 ,audit
180 1539 220 1605 ab
250 1550 383 1604 oratore
415 1539 484 1601 iam
522 1536 671 1603 obsessus
699 1551 749 1604 est
776 1563 815 1605 ac
848 1552 992 1607 tenetur.
1057 1543 1135 1608 Non

58 1644 151 1708 enim
172 1640 205 1705 id
227 1641 311 1726 agit,
341 1651 380 1705 ut
407 1637 587 1703 insidietur
616 1651 650 1704 et
671 1641 845 1720 observet,
873 1643 930 1708 sed
953 1646 1020 1709 iam
1043 1644 1135 1709 favet

56 1763 321 1835 processumque
350 1741 443 1818 vult,
476 1741 672 1827 dicendique
694 1743 764 1814 vim
789 1744 960 1809 admirans
982 1767 1050 1809 non
1072 1766 1135 1807 an-

57 1845 165 1932 quirit
184 1843 261 1930 quid
283 1843 468 1928 reprendas
511 1841 599 1907 Haec
614 1855 725 1917 autern
744 1845 853 1911 forma
866 1847 1041 1911 retinenda
1057 1869 1128 1910 non
1145 1854 1194 1909 stt

59 1949 123 2013 diu
144 1958 205 2015 est.
241 1948 320 2029 [nec
341 1944 414 2008 dico
437 1943 475 2007 in
497 1945 726 2029 peroratione,
760 1969 861 2039 quam
884 1945 955 2034 ipse
975 1949 1131 2021 includit,

55 2161 264 2178 μ

123 2321 185 2376 210.
222 2319 340 2370 ornatius
354 2315 401 2384 ut]
420 2316 540 2368 ornatius
561 2328 590 2367 ut
609 2329 702 2368 senatu
721 2319 753 2369 de
767 2315 906 2370 consulatu
927 2335 974 2368 nas
994 2319 1022 2370 in
1042 2321 1130 2370 Accu-

56 2393 171 2446 sationis
182 2397 236 2446 etc.
250 2393 319 2444 ven.
338 2391 362 2444 1.
1123 2415 1126 2419 ,

91 2491 119 2531 ut
136 2479 165 2528 in
177 2475 288 2542 senatu]
307 2474 375 2529 Ern.
392 2471 457 2524 sch.
476 2471 525 2526 Or.
539 2499 573 2510 -
589 2483 637 2523 aus
650 2473 677 2522 in
693 2491 714 2523 s.
732 2470 833 2524 Ceteri.

92 2545 240 2612 desiderat]
260 2545 388 2594 desideret
405 2542 474 2596 Em.

78 2621 124 2668 'tls
136 2613 270 2683 Ennensi]
289 2615 321 2662 ds
338 2612 462 2662 hennensi
475 2608 531 2662 Vit.
544 2638 577 2649 -
592 2612 624 2660 ds
634 2612 753 2662 steinensi
766 2610 834 2661 Ven.
850 2613 875 2664 1.
887 2610 914 2662 2.
926 2607 991 2661 Tul.

88 2683 256 2756 Segestana]
275 2684 414 2748 Segestano
428 2679 493 2736 Tul,
638 2687 640 2691 ’

93 2752 178 2822 quod]
197 2750 346 2804 &endum
357 2749 476 2819 prrtnhst
490 2749 559 2803 Era.
589 2746 645 2800 Sed
659 2765 684 2803 r.
702 2743 840 2800 Matthiae
861 2745 1132 2816 Μὶεοο11.οιὶῑὶο.2,·

58 2822 84 2877 8.
103 2841 131 2891 p.
146 2821 187 2877 85.

96 2923 247 2993 declarant]
265 2921 387 2975 declarat
400 2922 457 2977 vit.

96 3013 149 3044 non
162 2995 227 3043 enim
240 2995 270 3044 id
286 2993 364 3062 agit]
382 3010 433 3042 non
446 2992 513 3041 enirn
531 2989 630 3040 tamid
646 3006 672 3039 a.
691 2985 757 3040 Sch.

93 3074 124 3114 ut
142 3062 296 3130 insidietur]
317 3073 347 3112 ut
358 3063 533 3111 insidiantem
554 3060 668 3107 observet
685 3058 760 3110 Crat.
779 3053 888 3121 Gryph.
905 3057 929 3110 1.
945 3055 970 3109 2.
988 3086 1023 3096 -
1043 3069 1071 3106 ut
1089 3059 1130 3107 in-

57 3135 214 3185 sidiatorem
228 3133 341 3182 observet
352 3131 386 3182 L.
400 3160 436 3169 -
452 3128 570 3196 Vulgata
584 3125 667 3178 lectio
683 3125 756 3176 hene
767 3139 796 3174 se
811 3123 903 3176 habet.
920 3124 944 3190 ἕ.
959 3126 1019 3177 20⁸.
1037 3126 1128 3189 „Nam

56 3221 117 3253 curn
132 3203 156 3249 is
169 3211 207 3250 est
222 3203 342 3266 auditor,
362 3201 407 3268 qui
417 3217 467 3248 non
488 3207 626 3260 vereatur,
645 3215 676 3244 ne
694 3195 853 3260 coraposisae
873 3197 1001 3241 arationis
1021 3195 1128 3243 insidiis

56 3269 187 3340 sunfldes
203 3280 359 3334 attentetur,
383 3270 504 3336 gratiam
524 3284 623 3334 quoque
648 3265 726 3313 habet
749 3264 851 3311 oratori
873 3261 1003 3327 voluptati
1023 3264 1127 3312 aurium

56 3339 208 3390 servienti.“
237 3338 352 3405 Quinct.
367 3337 424 3400 IX,
443 3334 469 3400 4,
488 3337 545 3390 129.
569 3335 684 3398 „Totum
707 3343 793 3380 autem
813 3330 862 3378 hoc
882 3331 1057 3378 adhibendum
1074 3343 1127 3394 est,

57 3410 128 3477 quod
141 3409 178 3457 sit
191 3409 304 3475 amplius
319 3408 512 3471 compositionis
526 3421 624 3472 genus,
644 3420 701 3451 cum
719 3401 800 3449 iudex
813 3417 864 3448 non
882 3397 966 3449 solam
981 3418 1033 3448 rem
1049 3410 1128 3464 tenet,

56 3479 104 3528 sed
125 3479 206 3527 etiam
229 3487 323 3546 raptus
340 3487 380 3526 est
404 3477 538 3538 oratione,
565 3484 590 3521 st
611 3490 638 3520 se
658 3470 741 3521 credit
762 3469 849 3518 actori
871 3479 896 3518 et
919 3466 1053 3535 voluptate
1073 3469 1128 3518 iarn

56 3545 193 3597 ducitur.“

91 3616 140 3665 sed
150 3613 225 3681 iam]
243 3614 289 3664 red
303 3614 383 3663 etiam
394 3616 463 3665 Ven.
476 3613 502 3666 2.
512 3608 576 3662 Tul.
841 3661 844 3664 ,
1116 3630 1119 3635 ·

91 3685 212 3751 anquirit
226 3684 288 3751 qsss'd
302 3681 453 3751 reprendas]
481 3679 528 3732 Sic
547 3675 641 3746 recepi
663 3693 678 3727 e
697 3677 749 3730 Dr.
769 3703 787 3714 -
812 3673 836 3726 is
858 3671 933 3724 enim
956 3673 997 3725 sic
1018 3671 1131 3725 exhibet

57 3753 159 3805 verba:
179 3753 297 3820 adquirit
311 3752 375 3820 quid
390 3753 537 3818 reprendet.
554 3779 586 3787 -
601 3749 716 3814 anquirit
731 3747 800 3812 quoii
811 3744 955 3810 prehendat
971 3744 1036 3794 Ven.
1057 3745 1127 3797 2.-

58 3822 175 3890 ncquirit
189 3823 253 3889 quid
262 3819 426 3888 praehendat
440 3818 516 3870 Med.
543 3847 576 3855 -
600 3817 708 3882 inquirit
726 3810 794 3881 quod
816 3812 959 3876 prodendas
982 3811 1039 3867 vit.
1060 3812 1129 3866 Ven.

59 3894 82 3944 1.
96 3889 162 3946 Tul.
177 3919 212 3929 -·
223 3892 333 3958 inquirit
346 3891 414 3958 quod
428 3888 597 3955 reprehendat
617 3884 699 3936 Atdd.
719 3883 762 3934 Ju.
781 3888 809 3932 et
823 3889 939 3934 recentt.

128 4030 187 4094 2311.
223 4031 290 4090 [nec
305 4028 363 4076 sico
377 4056 393 4066 -
403 4025 543 4093 partibas]
563 4027 621 4075 ttoc
634 4029 728 4073 totum
746 4016 908 4070 membrum
925 4015 1130 4086 interpolatum

57 4106 146 4166 puto,
164 4098 193 4148 id
208 4097 284 4167 qnod
297 4096 459 4164 praesertim
475 4093 577 4144 exiliis
591 4091 681 4143 verbis
698 4107 775 4155 quom
795 4092 852 4154 ipse
866 4086 978 4137 includis
994 4087 1130 4155 cognosci

58 4176 159 4234 potest.
174 4175 229 4235 ipse
240 4167 312 4218 enim
327 4165 361 4216 ad
378 4165 544 4215 Ciceronem
558 4160 656 4212 referri
682 4158 771 4210 debet.
802 4155 892 4207 Verba
914 4164 980 4206 sont
1000 4156 1128 4225 magistri

59 4237 206 4288 ossiusdam
225 4237 265 4288 ita
280 4235 374 4304 pueris
393 4231 604 4302 praecipientis:
637 4229 735 4281 Cicero
756 4225 842 4292 dicit,
871 4240 1050 4277 numerosam
1070 4240 1131 4276 ora·
