2656 5018
303 297 374 365 Au
411 295 643 367 MARCUM
678 298 914 369 BRUTUM.
1107 311 1151 378 6⁵

64 455 257 544 putaturum
278 455 433 522 fontibus
464 451 606 519 defluxit
637 452 674 520 in
698 441 835 537 forum,
870 457 928 523 sed
953 467 1105 548 spretum
1128 483 1150 528 ι

64 557 243 625 subtilibus
270 557 447 644 repulsum
474 577 495 620 a
520 555 677 643 gravibus
698 557 736 624 iu
762 579 819 643 ea,
855 558 898 625 de
923 581 991 648 qua
1013 563 1147 654 loquor,

60 659 294 729 mediocritate
315 659 477 724 consedit.

138 761 286 830 Tertius
300 774 349 828 eat
370 762 430 829 ille
445 763 587 851 amplus,
604 762 768 851 eopiosua,
787 763 910 848 gravis,
937 776 1089 850 ornatus,
1104 765 1141 834 in
1163 769 1206 834 28

54 887 122 954 quo
140 863 306 954 profecto
320 864 370 930 vis
390 864 540 931 maxima
564 877 623 931 est.
666 862 731 932 Hie
743 876 792 930 est
805 865 915 948 enim,
937 867 1030 934 cuius
1045 891 1144 936 orna·
1164 875 1200 930 97

53 982 134 1037 tum
154 966 291 1032 dioendi
310 977 345 1030 et
364 968 498 1053 copiam
516 967 701 1034 admiratae
720 978 837 1053 gentes
861 968 1087 1053 eloquentiam
1106 973 1145 1041 iu

54 1069 252 1141 eivitatibus
268 1065 460 1156 plurimum
485 1071 598 1136 valere
623 1070 730 1136 fassae
751 1079 847 1142 eunt.
883 1068 941 1134 sed
958 1070 1046 1138 hano
1070 1075 1144 1140 elo-

57 1172 258 1263 quentiam,
283 1192 371 1257 quae
385 1193 490 1238 eursu
511 1195 632 1259 magno
651 1173 832 1256 sonituque
852 1169 1017 1252 ferretur,
1038 1195 1145 1260 quam

62 1278 268 1363 suspieerent
304 1294 442 1361 ornnes,
489 1295 594 1361 quam
633 1275 904 1354 admirarentur,
963 1295 1066 1361 quam
1104 1296 1142 1342 se

63 1378 189 1468 amqui
210 1399 311 1468 posse
338 1375 540 1447 diffiderent.
589 1377 700 1444 Huius
733 1376 945 1462 eloquentiae
972 1387 1022 1442 est
1048 1388 1142 1444 traca

59 1483 296 1563 tareanimos,
318 1479 421 1546 huius
443 1480 535 1546 omni
556 1480 659 1546 modo
675 1469 886 1567 permovere.
929 1478 1020 1547 Haec
1037 1480 1140 1546 modo

53 1584 258 1674 perfringit,
280 1582 384 1649 modo
405 1581 524 1668 irrepit
543 1581 580 1648 in
595 1603 729 1663 seusus3
751 1580 867 1646 inserit
884 1603 990 1649 novas
1004 1582 1139 1672 opinio·
1160 1590 1196 1646 98

52 1711 136 1768 nes,
166 1684 282 1751 evellit
301 1686 430 1751 insitas.
475 1686 538 1752 Sed
560 1687 707 1751 multum
729 1683 869 1748 intereat
889 1684 978 1750 int'er
998 1687 1063 1753 hoc
1086 1686 1143 1751 di-

56 1789 160 1859 cendi
174 1810 279 1874 genus
292 1800 326 1853 et
338 1786 523 1875 superiora.
569 1787 639 1877 Qui
654 1788 688 1853 in
704 1784 762 1850 illo
779 1785 896 1850 subtili
910 1797 943 1851 et
957 1797 1056 1853 acuto
1069 1788 1143 1855 ele-

58 1890 213 1967 boravit,
233 1901 272 1954 ut
292 1890 412 1956 callide
434 1894 614 1976 arguteque
638 1890 781 1959 diceret,
808 1891 1071 1976 necquidquam
1089 1893 1143 1958 al.

57 1995 128 2060 tius
152 1993 333 2080 cogitaret:
369 1993 434 2056 hoo
459 2014 528 2056 uno
553 1990 703 2079 perfecto
728 2012 869 2075 maguus
893 2003 1006 2057 orator
1024 2005 1092 2070 eat,
1112 1993 1142 2059 si
1233 2032 1238 2042 ·

55 2121 127 2164 non
145 2095 332 2169 maximus3
362 2092 571 2181 minimeque
598 2092 635 2158 in
661 2092 794 2159 lubrico
813 2094 1021 2179 versabitur,
1050 2108 1085 2161 et
1112 2095 1142 2165 si

54 2202 162 2268 semel
183 2195 394 2275 eonstiterit,
422 2218 595 2283 nunquam
617 2195 725 2261 cadet.
770 2195 901 2262 Medius
930 2196 989 2262 ille
1016 2209 1141 2281 antem,

25 2323 27 2326 ·
56 2326 167 2388 quem
184 2299 355 2364 modicum
381 2309 414 2362 et
434 2310 660 2386 temperatum
680 2320 779 2381 voco,
809 2297 956 2363 simodo
973 2321 1072 2363 suum
1094 2299 1141 2364 il-

57 2406 122 2472 lud
145 2402 228 2468 satis
250 2400 456 2479 instruxerit,
498 2423 567 2466 nou
598 2400 799 2467 extimescet
825 2400 985 2491 ancipites
1006 2399 1140 2467 dicendi

57 2532 277 2550 μ

75 2650 78 2654 ,
91 2593 226 2664 dessiuxit]
237 2589 293 2645 Jut.
301 2587 368 2643 Viet.
382 2590 403 2646 l.
413 2588 476 2647 l.-
489 2587 650 2656 „teorolum
658 2600 744 2642 tetum
752 2605 838 2661 genus
849 2599 887 2640 est
899 2586 1051 2658 stfinuruus
1057 2589 1140 2659 Joute

55 2665 193 2736 defluxum
208 2657 363 2728 infimum

87 2730 254 2798 subtilibus]
272 2727 397 2781 sutilibus
411 2727 467 2782 vit.

88 2807 166 2855 ineo
180 2797 301 2866 deque]
320 2800 349 2848 iu
364 2817 396 2848 ea
411 2801 527 2861 demum,
543 2799 578 2847 cle
593 2795 678 2866 qual.
696 2795 842 2851 J.Vict.l.
857 2795 877 2849 l.

126 2873 197 2940 Cap.
215 2871 260 2924 28,
295 2868 339 2924 97.
374 2869 469 2918 tertius
482 2867 543 2934 est]
561 2882 619 2918 om.
634 2877 673 2916 eet
687 2867 758 2921 Ven.
772 2869 798 2921 2.

62 2953 214 3064 θονιὸᾳιιιηι
233 2933 360 3004 dicendi]
392 2951 449 2990 otu.
471 2937 578 2988 dicendi
596 2936 665 2988 Veu.
686 2936 713 2995 2.
743 2937 817 2987 euius
838 2944 958 2987 umatum
971 2937 1013 2986 uis
1032 2933 1139 2989 atenac

89 3025 119 3064 u.
150 3050 157 3064 ·

94 3075 248 3146 plurimum]
264 3075 386 3143 pluribus
401 3074 457 3128 Gu.
470 3073 497 3129 8.

85 3146 188 3219 fursee
199 3146 279 3214 sunt]
298 3144 346 3198 sic
360 3141 423 3195 dedi
438 3159 454 3194 e
469 3143 525 3197 vit.
539 3158 678 3210 -passae
693 3153 754 3192 suut
769 3139 870 3195 Ceteri.

92 3236 171 3268 eursu
192 3215 307 3283 magno]
333 3213 389 3266 Jul.
409 3211 484 3268 Vict.
506 3211 526 3266 l.
542 3211 562 3264 l.
586 3211 705 3277 „Tereia
719 3223 758 3260 est
777 3209 910 3259 uehemens
919 3203 1017 3276 forma
1033 3207 1139 3258 dicendi

56 3304 222 3406 ‘'⁸⁰²5'ss
228 3301 330 3385 ‘qt‘aguo
341 3281 436 3353 fertur
450 3292 476 3334 et
487 3283 591 3350 souitu,
608 3287 717 3352 tragica
733 3281 847 3347 quadam
859 3289 883 3328 et
898 3275 1004 3328 excelm
1017 3273 1139 3327 sublimi-

55 3368 111 3408 tate
154 3375 185 3405 ee
223 3373 242 3406 i.
860 3365 866 3379 ¹

88 3421 247 3490 sonituque]
266 3438 324 3476 om.
337 3418 395 3473 Vit-

89 3513 170 3563 quam
183 3491 360 3559 suspicerent]
379 3490 425 3557 qui
439 3488 598 3556 surriperent
609 3485 657 3560 qui
672 3485 869 3539 admirarentur
881 3482 928 3554 qui
941 3500 970 3533 se
982 3481 1046 3536 Vei·
1120 3528 1124 3537 .

87 3560 254 3631 permovere]
273 3578 422 3630 promovere
435 3561 506 3611 Ven.
523 3559 549 3614 1.

89 3629 256 3700 arguteque]
275 3641 354 3680 acute
390 3626 513 3681 eGu.8.

123 3702 169 3756 98.
206 3701 351 3767 quidquam
390 3700 529 3766 quisquam
542 3698 613 3755 Vert.
626 3697 651 3752 1.

57 3761 877 3908 „restituerer„iz-urfueueir
892 3760 918 3813 ¹·
932 3759 960 3814 2·
976 3755 1135 3855 Mum·

87 3906 238 3976 maximus]
256 3857 481 3959 rioeimiaMoni
620 3855 638 3903 Ρ

89 3976 251 4044 comiteris]
261 3974 316 4031 Jul.
329 3973 402 4028 vict.
420 3973 460 4025 its
473 3971 579 4042 pergit:
590 3984 676 4040 -„et
687 3977 736 4023 tuor
745 3989 762 4021 a
778 3965 954 4038 superioribus
970 3966 1011 4017 vel
1026 3965 1137 4017 sorexima

57 4045 199 4114 differens,
224 4046 295 4113 quod
314 4042 365 4095 itta
382 4043 479 4112 optime
494 4054 632 4095 versantur
652 4041 813 4105 inlubrico,
841 4050 867 4088 et
880 4038 906 4087 si
918 4035 996 4088 semel
1008 4035 1138 4085 constite-

56 4119 109 4169 rint
121 4133 258 4182 nunquam
272 4115 371 4169 cadunt
381 4132 429 4164 uec
439 4113 613 4165 extimescunt
626 4111 756 4181 aucipites
768 4109 875 4159 dicendi
883 4108 1022 4172 incertusq.
1031 4099 1137 4161 cuiun?

10 4216 15 4223 ·
56 4185 99 4240 De
114 4200 184 4238 voce
198 4184 342 4237 consistere
354 4199 381 4236 v.
395 4197 455 4250 sup.
473 4183 498 4250 ᾗ.
512 4181 555 4235 30.
1140 4204 1145 4217 .

90 4257 265 4317 exstruerat]
284 4251 340 4316 Gu,
351 4250 377 4306 3.
395 4250 492 4321 steph.
509 4253 541 4304 L.
557 4252 624 4304 Ern.
645 4245 711 4304 sur.-
726 4244 778 4306 Or.
789 4245 937 4299 extimescit
957 4239 1060 4295 Ceteri.
1085 4290 1087 4295 ,
1127 4272 1128 4276 ,
