2656 5018
342 273 412 342 Au
447 272 677 340 MARCUM
712 274 955 343 BRUTUM.
1148 288 1191 351 88

100 432 221 498 vultur.
280 427 421 516 Quibus
448 425 605 493 omnibus
631 427 699 494 dici
728 426 789 493 vix
810 439 917 517 patrat
938 434 1105 518 quantum
1128 430 1190 498 in-

103 534 206 612 tersit,
237 528 535 618 quemadmodum
557 541 674 597 utatur
695 540 819 596 orator.
876 528 963 596 Nam
982 543 1017 596 et
1039 533 1187 600 inianter
1207 550 1244 611 ss

99 635 240 705 actionis
270 632 440 718 dignitate
471 631 681 716 eloquentiae
708 654 810 720 saepe
838 630 991 698 fructum
1027 636 1191 721 tulerunt,

96 753 129 805 et
148 735 270 805 diserti
291 733 511 800 deformitate
529 736 650 821 agendi
671 733 772 802 multi
792 729 938 798 infantae
961 738 1071 825 putati
1101 750 1191 811 aunt,

94 853 134 907 nt
158 841 234 905 iam
257 860 331 902 non
352 835 428 900 aine
446 856 545 900 causa
566 838 811 905 Demosthenes
832 835 990 903 tribuerit
1012 850 1046 904 et
1063 841 1190 928 primas

94 955 126 1009 et
146 939 372 1027 secundaret
391 938 508 1002 tertias
531 939 666 1005 actioni.
708 940 745 1008 Si
767 941 858 1008 anim
884 939 1075 1027 eloquentia
1094 941 1191 1008 nulla

96 1046 175 1112 aine
200 1044 286 1121 hac,
320 1041 531 1104 haecautem
565 1043 638 1106 aine
659 1043 854 1129 eloquentia
877 1054 972 1110 tanta
994 1052 1063 1123 est3
1095 1056 1189 1112 certe

99 1145 294 1235 plurimum
313 1145 348 1209 in
371 1145 515 1211 dicendo
539 1156 655 1230 puteat.
700 1147 798 1213 Volet
818 1144 921 1230 igitur
942 1144 1013 1226 ille,
1035 1142 1094 1230 qui
1116 1146 1190 1212 elo·

107 1246 264 1334 quentiae
283 1246 515 1334 principatum
539 1256 649 1335 petet,
688 1259 721 1312 et
742 1258 900 1313 contenta
920 1267 1009 1313 voce
1029 1246 1188 1315 atrociter

108 1350 229 1439 dicere,
250 1360 284 1413 et
306 1349 487 1415 summissa
510 1349 649 1431 leuiter,
684 1363 718 1415 et
746 1349 906 1416 inclinata
932 1345 1039 1413 videri
1061 1348 1187 1436 gravia,

104 1463 133 1516 et
151 1451 277 1516 inflexa
299 1450 514 1517 minorabilis.
561 1450 647 1515 Mira
679 1463 728 1517 eat
754 1451 844 1516 euim
872 1449 1039 1536 quaedam
1060 1461 1184 1517 natura
1203 1479 1244 1539 57

96 1556 200 1629 vocia,
241 1550 344 1618 cuiua
373 1551 510 1638 quidem
540 1572 559 1612 e
587 1551 693 1618 tribua
722 1553 860 1618 omnino
895 1553 1004 1633 aonia,
1041 1551 1182 1635 inflexo,

95 1668 216 1736 acuto,
256 1652 373 1742 gravi,
404 1664 499 1717 tanta
520 1648 562 1716 ait
583 1664 617 1717 et
641 1665 707 1718 tarn
731 1655 842 1720 auavia
865 1653 1010 1719 varietas
1031 1651 1185 1744 perfecta

94 1758 131 1824 in
152 1756 325 1824 cantibus.
373 1757 434 1822 Eat
461 1765 575 1820 autem
596 1754 632 1819 in
654 1755 792 1822 dicendo
815 1757 915 1823 etiam
937 1756 1075 1844 quidam
1097 1780 1182 1823 ran·
1205 1779 1246 1848 18

96 1870 154 1924 tua
185 1856 382 1937 obscurior,
422 1879 496 1922 non
524 1854 619 1922 hice
645 1856 787 1946 Phrygia
814 1868 848 1924 et
876 1858 976 1924 Caria
1004 1859 1184 1925 rhetorum

99 1962 266 2049 epilogus,
287 1982 402 2051 paene
423 1956 615 2040 canticum,
634 1959 692 2024 aed
724 1960 789 2037 ille,
812 1980 913 2046 quem
935 1960 1100 2045 siguificat
1118 1963 1182 2025 De-

95 2064 291 2131 mosthenes
313 2073 348 2127 et
369 2060 571 2142 Aeschines,
609 2082 689 2126 cum
720 2062 804 2127 alter
832 2060 930 2125 alteri
952 2061 1065 2127 obiicit
1093 2061 1184 2127 vocia

95 2166 271 2232 flexiones.
316 2164 424 2246 [Dicit
452 2164 554 2253 plura
584 2163 687 2229 etiam
714 2164 980 2247 Demosthenes,
1016 2163 1184 2252 illumque

95 2328 310 2343 w

172 2437 218 2492 56.
253 2455 316 2487 nom
330 2448 355 2487 ιι
370 2435 488 2503 infantes
499 2438 573 2500 eto]
590 2453 653 2487 nam
665 2444 689 2486 ιι
698 2433 831 2504 ιἰψιηιιιιιι
841 2435 957 2485 aetionea
970 2434 1106 2505 dignitate
1116 2441 1182 2504 eloq.

95 2506 157 2560 vtt.
171 2535 209 2546 -
221 2505 333 2557 Noniua
346 2523 372 2558 v.
386 2506 494 2576 tuscan
511 2525 573 2557 nam
594 2517 619 2554 et
634 2504 752 2575 insonter
765 2506 882 2556 actionie
905 2522 982 2574 aoepe
999 2505 1124 2578 fructum
1140 2516 1183 2555 tu·

94 2584 195 2628 lerunt.
214 2604 251 2616 -—
263 2578 376 2625 aetionie
390 2578 550 2645 dignitatem
565 2576 648 2632 Mon.

128 2642 325 2714 deformitate]
345 2643 517 2712 deformitati
529 2644 598 2698 Van.
613 2647 637 2698 l·

126 2713 241 2783 putati]
268 2717 390 2781 reputati
406 2711 463 2766 vit.

127 2795 160 2833 ut
173 2785 232 2833 ium
246 2784 318 2849 aon]
336 2794 366 2831 ut
380 2801 431 2832 nou
446 2784 503 2833 inm
515 2782 584 2834 Ven.
599 2783 624 2838 1.
641 2779 720 2834 Med.

130 2851 320 2902 nmmum·
329 2849 463 2919 tribuerit]
489 2852 615 2901 tribueret
628 2851 698 2904 Ven.
718 2851 742 2903 1.
761 2846 839 2904 Med.
852 2874 887 2887 -
902 2859 932 2899 ut
944 2849 1046 2916 primae
1067 2848 1136 2900 Ven.
1154 2851 1179 2904 1.

96 2920 124 2971 Ξ.
131 2919 200 2972 Tul.
212 2918 339 2971 -Idem
353 2919 463 2971 dictum
480 2936 506 2975 v.
516 2919 550 2971 de
562 2919 643 2973 Orat.
657 2920 683 2985 8,
701 2919 744 2973 56,
764 2918 831 2986 Qut.
850 2918 899 2984 XI,
912 2917 940 2981 3,
956 2916 982 2974 6.
998 2917 1052 2970 Jul.
1069 2917 1177 2969 Victor.

99 2988 328 3054 pult-„tute
342 2988 472 3055 (actioni)
483 3007 535 3039 non
549 2990 676 3039 immerito
689 2988 876 3038 Demosthenen
890 3005 924 3037 ex
933 2988 1051 3038 omnibue
1062 2987 1178 3038 oratorie

103 3057 244 3106 virtutibus
256 3061 358 3125 primae
370 3059 443 3107 dedit
456 3068 484 3106 et
498 3060 626 3107 aeeundoa
641 3069 667 3107 ιι
680 3057 806 3108 ιιιιίαι.“

137 3124 285 3187 eloquentia
297 3125 392 3192 nulla]
411 3125 486 3176 rullo
499 3126 646 3194 eloquentia
660 3126 730 3178 Veu.
747 3126 772 3178 1.
789 3119 867 3177 Med.

133 3192 257 3264 ifflexa]
264 3194 346 3264 flexu
357 3193 424 3249 snb.
439 3197 466 3248 2.
479 3223 514 3233 -
526 3196 558 3248 V.
572 3196 640 3247 Eru.
658 3196 723 3246 Lex.
737 3193 774 3244 R.
790 3209 815 3243 r.
828 3188 969 3260 inflectere·

165 3263 211 3318 57.
243 3265 369 3335 perfecto
383 3266 412 3313 in
425 3263 467 3330 ιη]
485 3263 605 3332 perfecto
621 3272 655 3313 ιιι
669 3267 698 3315 in
710 3283 735 3315 c.
752 3258 822 3312 Van.
837 3269 861 3318 l.

130 3333 238 3383 omnino
254 3331 343 3400 souin]
363 3335 435 3382 ionia
447 3335 550 3383 omniuo
565 3334 618 3384 Dr.

165 3402 236 3469 Cup.
251 3402 296 3455 18.
331 3403 484 3451 indicendo
499 3401 595 3469 ettam]
620 3402 700 3451 etium
713 3400 741 3449 in
758 3398 812 3453 die.
825 3395 878 3448 Dr.
892 3395 976 3449 Mon.
988 3394 1058 3446 Ven.
1068 3395 1096 3449 2·
1112 3393 1178 3448 Tul.

94 3469 171 3528 Vict.
183 3496 220 3510 -
235 3487 294 3521 om.
308 3473 391 3520 etiam
406 3470 462 3521 vit.
478 3470 556 3520 Med.

128 3537 382 3605 eantueoberurior]
402 3537 519 3609 Quinot.
527 3537 607 3592 XL&
616 3538 781 3605 <ist-„noa
787 3545 813 3587 et
822 3531 910 3586 Cicero
922 3533 988 3584 dicit
1002 3551 1057 3581 eree
1063 3530 1179 3602 aliquem

96 3610 124 3660 ia
134 3609 260 3657 oratione
267 3619 374 3657 contum
384 3608 556 3659 otaeuriorem
563 3606 598 3658 ,Ἠ

128 3676 265 3727 rhetorum
288 3675 427 3746 epilogur]
447 3686 475 3727 et
496 3676 562 3727 rtet.
583 3674 701 3743 epilogus
714 3672 785 3725 ven.
803 3672 829 3724 1.
845 3669 924 3723 Med.
942 3692 978 3710 -
994 3670 1092 3735 Caria,
1110 3670 1178 3725 rdet.

96 3744 210 3814 epilogia
225 3745 307 3800 Man.
323 3773 356 3783 -
379 3744 509 3795 rhetorum
526 3744 600 3805 (teil.
617 3745 729 3810 cuntur)
748 3757 856 3811 quorum
879 3738 996 3808 epilogus
1008 3759 1073 3807 pene
1091 3742 1179 3789 conti-

99 3833 163 3866 rum.
176 3814 248 3865 Ern.
264 3813 370 3881 auspic.
389 3813 457 3881 Qut.
473 3814 523 3876 XI,
536 3814 563 3878 8,
573 3815 615 3867 68.
636 3813 746 3874 „Cicero
763 3814 824 3859 illoc
836 3826 871 3858 ex
883 3811 966 3874 Lycio
981 3819 1007 3857 et
1026 3811 1105 3860 Coria
1121 3807 1179 3857 rite·

99 3893 170 3930 torua
182 3902 270 3949 paene
283 3896 398 3932 cantore
410 3885 440 3932 in
452 3881 565 3951 epilogio
581 3881 686 3932 dixit.“
704 3877 839 3932 tutvtct.
849 3894 877 3945 p.
887 3879 945 3930 111.
964 3877 1179 3941 „Tattiuuttxiq

100 3951 127 3999 iu
140 3942 262 4020 ‘Phrygia
280 3964 307 4000 et
327 3952 410 4002 Corio
427 3953 581 4020 turpieeime
593 3949 712 4002 rhetoroe
726 3944 846 4018 epilogat
859 3948 974 4015 eoepiaae
990 3948 1128 3997 eantare·“
1143 3971 1179 3983 -

101 4037 113 4068 ι
119 4019 228 4089 phrigia
246 4021 359 4071 cetaria
377 4021 460 4071 Mon.

131 4087 291 4157 significat]
310 4088 446 4158 aignifieet
464 4087 522 4142 Vll.

132 4157 229 4225 alteri]
248 4157 361 4208 alteriue
376 4159 444 4210 Veu.
458 4162 482 4211 1.

132 4229 201 4277 nocie
210 4226 369 4296 flexiones]
390 4227 487 4278 obiecit
500 4243 577 4277 voeea
582 4222 717 4295 flexim
727 4218 785 4274 vit.
796 4242 831 4260 ··
842 4219 953 4273 Nouius
966 4238 991 4271 v.
997 4218 1104 4291 flexuet
1121 4234 1180 4268 eum

947 4289 974 4352 C
