2692 5018
163 269 226 335 106
597 257 820 330 ORATOR

289 414 448 504 Frugrssra
470 431 497 477 et
508 413 597 502 ferta
619 439 692 478 arva
714 418 811 481 Asiae
830 412 913 484 tenet.

100 524 152 585 tot
164 518 283 606 Quare
321 516 472 580 bonitate
510 517 620 602 potius
659 529 853 583 nostrorum
889 518 1069 586 verborum
1099 531 1239 590 utamur

162 641 265 705 quam
288 620 468 707 splendore
492 618 720 694 Graecorum,
748 620 811 686 nisi
841 618 929 685 forte
958 621 1005 686 aio
1033 622 1123 709 loqui
1152 645 1239 709 poo-

161 722 248 789 nitet

188 844 193 851 ·
294 823 362 905 Ouo
382 838 549 907 tempestate
570 823 658 886 Pario
681 822 829 886 Helenam

164 950 199 1007 et
224 963 309 1029 quan
328 951 524 1026 sequuntur.
554 940 664 1008 immo
687 962 768 1008 vero
787 941 850 1007 iata
870 962 1051 1029 aequamur
1070 942 1239 1031 asperita-

163 1042 298 1130 temque
319 1041 489 1128 fugiamus

182 1146 187 1153 ’
290 1146 398 1209 Habeo
421 1149 510 1209 irtam
530 1171 582 1231 ego
601 1148 841 1234 perterricrepam
857 1179 900 1196 ··-

162 1246 339 1332 Idemque:

293 1348 328 1412 V
324 1348 518 1436 ercutiloquae
537 1350 681 1418 malitiae.

176 1553 181 1562 ¹
246 1467 317 1536 Nec
335 1464 446 1532 solum
477 1479 723 1555 componentur
746 1465 1020 1551 verberatione,
1052 1466 1111 1534 ead
1136 1467 1241 1536 etiam

163 1569 342 1648 finientur,
375 1569 534 1655 quoniam
556 1569 590 1636 id
622 1570 784 1636 iudicium
818 1590 889 1633 eme
919 1570 1065 1634 alterum
1101 1572 1240 1637 aurium

163 1672 321 1737 diximus.
364 1668 429 1736 Sed
454 1669 622 1736 finiuntur
642 1683 700 1740 aut
724 1669 964 1760 compositione
988 1671 1062 1758 ipsa
1087 1685 1121 1738 et
1144 1674 1240 1761 quasi

163 1796 222 1839 aua
254 1783 394 1859 sponte,
426 1784 485 1838 aut
509 1773 655 1860 quodam
680 1794 804 1861 genero
824 1772 1029 1857 verborum,
1058 1774 1096 1841 in
1114 1776 1236 1863 quibua

164 1972 372 1988 m

70 2098 73 2104 ’
175 2097 270 2168 steph.
288 2097 397 2165 Gryph.
410 2098 436 2152 2.
450 2124 484 2136 ·-
497 2097 641 2166 ineignitue
658 2094 792 2151 Gulielm.
814 2097 911 2152 Oeenn
927 2099 1009 2155 Attal.
1026 2115 1055 2171 p.
1073 2099 1128 2153 111.
1147 2101 1180 2152 ai
1193 2099 1240 2152 in·

173 2169 366 2222 suavissimam
378 2167 491 2220 literam
504 2175 605 2238 putem
618 2166 659 2218 sic
673 2165 786 2221 exhibet
797 2166 908 2222 locum:
941 2177 945 2197 ²

539 2234 695 2306 Frugiferai
710 2247 737 2287 et

479 2306 573 2358 Fertai
590 2323 656 2356 aruo
672 2307 752 2359 Atiae
764 2317 842 2360 tenet.

171 2374 310 2445 Equidem
321 2371 403 2425 aliter
415 2373 513 2426 tentio.
531 2373 612 2426 litera
630 2373 720 2440 enim,
748 2392 832 2444 quem
852 2372 1078 2428 insuaviseimam
1098 2373 1169 2428 dicit
1187 2376 1240 2429 ci.

172 2463 253 2509 cero,
272 2453 312 2495 est
326 2462 353 2494 a.
372 2457 406 2496 ee
421 2443 496 2496 onim
513 2441 651 2495 finiuntur
665 2442 799 2513 pleraque
811 2443 894 2496 huius
909 2460 1003 2497 versus
1022 2445 1117 2499 verba.
1143 2446 1239 2498 Locus

172 2524 213 2569 est
227 2516 286 2566 inte
307 2529 346 2564 er.

201 2583 278 2655 serta
288 2530 350 2633 {rua
360 2581 462 2644 Atiae]
481 2579 528 2631 Sic
542 2580 601 2646 Gry
622 2578 649 2632 h.
667 2582 691 2635 1.
705 2581 730 2633 2.
741 2579 860 2650 -jerta
873 2583 952 2635 Arion
965 2601 1031 2634 arva
1044 2583 1113 2635 Ven.
1128 2584 1155 2637 2.
1174 2584 1237 2636 Tul.

172 2652 291 2718 -ferta
306 2669 370 2699 arva
385 2653 452 2701 Ario
466 2650 521 2702 Vir.
535 2677 570 2687 -
603 2661 660 2698 erto
676 2651 737 2699 aeia
754 2668 821 2702 orote
836 2651 904 2702 Ven.
934 2653 960 2705 1.
986 2650 1064 2703 Med.
1084 2680 1119 2691 -
1132 2650 1238 2720 fertile

171 2739 238 2773 arva
252 2722 337 2774 Asiae
346 2720 379 2774 L.
393 2748 427 2758 —
437 2716 515 2785 serto
526 2735 593 2770 arvo
605 2720 690 2769 Atiae
703 2717 785 2773 Grut.
798 2719 868 2776 Ern.
882 2721 934 2774 Or.
946 2748 981 2760 —
999 2722 1082 2772 Atiae
1102 2730 1148 2774 eet
1165 2722 1237 2775 anti·

172 2807 227 2862 qua
241 2787 357 2856 genitivi
378 2789 479 2841 forma.

241 2857 301 2911 164.
335 2876 416 2924 quare
427 2851 562 2920 bonitate]
581 2873 691 2923 quarum
707 2856 823 2907 bonitati
841 2853 897 2908 Vit.

208 2944 261 2996 qua
274 2926 438 2995 tempertate]
458 2943 483 2977 r.
497 2923 530 2974 de
543 2925 678 2978 Orat.·111
686 2962 694 2990 ,
712 2926 755 2979 58.

208 3000 333 3047 imovero
349 2997 404 3046 ieta
418 2992 572 3064 aequamur]
600 3010 655 3045 om.
677 2995 728 3044 Dr.

205 3062 436 3135 perterricrepam]
453 3066 607 3130 perterricre
626 3080 668 3112 mn
677 3060 766 3130 fidem
794 3074 882 3114 ament
896 3059 974 3115 Mea

207 3132 342 3202 idemque]
362 3136 473 3201 itemque
485 3131 553 3183 Ern.
567 3082 632 3184 Sci.
646 3131 697 3186 Or.
904 3151 907 3157 ·

206 3201 463 3271 versutiloquar'm.]
480 3217 504 3252 v.
519 3199 552 3251 de
566 3200 645 3253 Orat.
652 3200 712 3264 ‚HL
727 3199 771 3255 88.

206 3276 408 3340 componentur]
435 3283 622 3340 componantur
643 3297 681 3310 -
702 3267 838 3336 finiantur
859 3269 915 3324 Gu.
934 3269 960 3326 8.
980 3296 1016 3310 -
1045 3279 1234 3339 componantur

171 3343 243 3396 uerti
256 3341 359 3393 ratione
370 3340 433 3392 Ver.
1114 3372 1117 3377 -

207 3413 236 3464 id
250 3409 393 3478 iudicium]
413 3410 450 3459 od
464 3407 667 3459 iudiciumven.
681 3408 706 3461 1.

205 3499 261 3534 eree
276 3479 388 3530 alterum
401 3478 525 3544 aurium]
544 3496 599 3527 eeee
611 3479 717 3527 aurium
731 3474 843 3528 alterm
857 3474 913 3529 Gu·
929 3474 956 3530 3.
970 3473 1032 3530 Ald.
1046 3477 1073 3531 2.
1087 3477 1196 3548 Gryph.
1211 3477 1234 3531 1·

171 3550 236 3606 seh.
254 3553 278 3604 1.
296 3548 347 3604 Or.

206 3621 254 3670 ced
265 3613 413 3684 finiuntur]
432 3626 458 3665 et
466 3612 600 3683 finiuntur
618 3614 681 3687 Yet·

206 3701 232 3737 et
248 3689 325 3754 quati
337 3704 386 3735 eua
401 3695 492 3752 rponte
508 3684 572 3753 aut]
591 3695 636 3734 aut
651 3684 729 3752 quati
739 3702 761 3736 e.
776 3694 868 3752 eponte
888 3693 913 3734 et
926 3679 991 3736 Sitit.
1009 3683 1035 3736 2·
1051 3681 1182 3736 Fallitur.
1200 3681 1235 3735 of.

171 3758 198 3827 ς.
211 3759 271 3811 219.
305 3757 362 3822 „Et
377 3757 437 3822 quia
450 3771 501 3803 non
512 3771 616 3803 numero
631 3752 714 3804 coium
728 3771 864 3803 numeroea
885 3754 970 3802 oratio
991 3754 1037 3802 eui
1057 3763 1084 3801 et
1106 3755 1237 3822 componi-

173 3829 245 3877 tione
254 3823 290 3891 fit
303 3836 328 3874 et
342 3841 480 3892 genere-
494 3825 677 3872 concinnitatis
685 3841 695 3885 ‚⁰
712 3823 897 3891 compositione
915 3832 1001 3886 potest
1022 3819 1157 3890 intelligi,
1182 3841 1238 3872 cum

172 3896 216 3944 ita
231 3904 334 3942 structa
350 3892 428 3942 verba
441 3901 518 3956 cunt,
535 3902 565 3941 ut
580 3909 700 3941 numerus
712 3910 762 3942 non
774 3891 924 3959 quaeritur,
944 3890 990 3938 recl
1001 3890 1057 3956 ipee
1068 3901 1174 3941 eecutue
1186 3908 1239 3941 eece

172 3964 303 4016 videatur.
318 3990 353 4000 -
372 3961 442 4013 Ordo
454 3961 523 4010 enim
537 3961 668 4011 verborum
682 3957 766 4026 efficit
782 3976 914 4008 numerum
928 3959 984 4006 eine
996 3957 1054 4009 uilo
1068 3971 1165 4026 aperta
1179 3978 1239 4010 oro-

172 4032 395 4083 torieincluetria.
421 4031 532 4079 Formae
551 4045 608 4080 vero
636 4031 765 4097 quaedam
790 4038 849 4077 eunt
866 4026 1013 4093 ammonit,
1037 4028 1066 4079 in
1090 4028 1186 4097 quibue
1208 4048 1240 4078 ea

173 4100 338 4153 concinnitur
350 4099 434 4164 ineat,
453 4108 481 4147 ut
495 4111 620 4165 aequatur
639 4115 758 4148 numerat
777 4095 956 4148 nereeeario.“

210 4181 258 4220 out
273 4169 388 4235 quatiam
398 4182 493 4235 genere
506 4165 656 4234 verborum]
675 4177 704 4217 ut
717 4167 846 4234 quaedam
858 4182 957 4233 genera
966 4163 1100 4216 uerborum
1115 4163 1173 4220 vit.
1187 4166 1239 4219 Dr.

175 4240 244 4293 Van·
259 4241 283 4292 1.
296 4239 322 4292 2.
334 4235 412 4288 Med.
425 4234 490 4288 Tul.
