2692 5018
299 284 371 354 Au
405 286 637 358 MARCUM
666 289 903 360 BRUTUM.
1076 304 1139 370 101

58 438 196 507 literam
217 439 422 529 praepositio
444 444 681 525 commutavit,
709 456 750 511 ut
770 443 923 533 suffugit,
945 452 1139 525 summovit.

59 542 229 633 [subegit,
251 541 493 624 summutavit,
515 545 680 633 sustulit]

146 643 264 733 Quid?
300 644 336 708 iu
364 643 479 709 verbis
506 644 630 713 iunctis
662 670 764 735 quam
798 649 880 714 scite
913 650 1131 738 insipientem
1156 667 1200 731 48

57 770 130 813 non
151 747 400 835 insapientem,
437 746 593 835 iniquum
615 772 685 815 nou
707 748 909 837 inaequum,
944 752 1132 840 tricipitem
1142 767 1194 824 159

56 872 130 917 non
159 847 373 938 tricopitem‚
412 850 589 915 concisum
619 875 690 917 non
720 855 949 916 concussum?
982 855 1038 920 Ex
1067 878 1136 941 quo

57 950 197 1039 quidum
213 952 390 1041 pertisum
411 951 511 1015 etism
527 956 665 1018 volume
687 953 774 1038 quod
793 955 910 1019 eadem
928 959 1135 1023 consuetudo

57 1076 130 1119 non
149 1052 321 1141 probavit.
363 1052 454 1140 Quid
477 1076 561 1117 vero
583 1057 645 1119 hoc
667 1057 866 1138 elegantius,
893 1056 981 1137 quod
1004 1081 1075 1122 nou
1095 1056 1136 1121 fit

58 1160 269 1227 natumsed
300 1155 447 1240 quodam
478 1154 655 1222 instituto?
688 1157 842 1223 indoctus
871 1157 1012 1223 dicimus
1041 1156 1136 1223 brevi

57 1256 170 1343 primu
188 1258 305 1339 litera,
335 1258 475 1323 insanus
495 1258 676 1345 producta,
706 1262 912 1327 inlzumsmus
935 1260 1046 1339 brevi,
1073 1260 1134 1326 in·-

54 1355 155 1446 felix
174 1358 280 1444 longa.
323 1360 367 1425 Et
388 1382 432 1424 no
453 1360 583 1441 multis,
606 1360 725 1446 quibus
746 1364 779 1426 in
797 1364 907 1428 verbis
930 1385 989 1426 eae
1004 1360 1135 1450 primae

61 1460 175 1525 literae
194 1474 275 1527 sunt
296 1483 384 1547 quae
405 1462 439 1525 in
462 1461 616 1547 sapiente
640 1475 741 1546 utque
761 1465 797 1530 in
811 1462 939 1548 selice,
970 1466 1134 1550 producte

58 1561 205 1641 dicitur,
226 1565 265 1630 in
285 1565 402 1631 ceteris
428 1563 584 1629 omuibus
615 1562 772 1633 breviter.
814 1568 967 1653 Itemque
989 1588 1134 1653 compo-

62 1854 183 1923 uliqusm
196 1854 317 1922 invenire,
331 1873 406 1906 suum
419 1853 467 1923 qui
480 1865 561 1904 mutet
595 1854 692 1906 lium.“
708 1854 772 1907 Mil.
782 1855 874 1921 tht,
884 1855 909 1916 8,
917 1856 959 1909 35.
977 1890 996 1920 ,‚
1009 1858 1066 1907 Vns
1081 1873 1132 1906 eu·

57 1927 118 1991 pisi
131 1925 193 1975 tuo!
207 1926 252 1976 Pa.
268 1924 321 1975 Tuo
335 1926 406 1974 istuc
416 1925 539 1993 promitto
568 1944 626 1991 ose,
651 1927 705 1976 nisi
722 1924 810 1977 oculos
831 1933 1022 1996 orationemque
1045 1925 1131 1977 aliam

60 2004 209 2045 commutas
221 1993 280 2045 tibi.
288 1993 305 2022 “

96 2074 129 2113 Ψ
142 2059 253 2128 “filil
260 2098 269 2125 s
286 2061 441 2128 mmmm]
461 2061 561 2112 Cetera
576 2059 665 2111 delevi
677 2061 810 2130 exemplu.
826 2090 859 2102 -
869 2073 899 2111 ut
912 2059 1034 2127 suffugit,
1055 2080 1130 2111 surn-

60 2133 157 2197 movit,
176 2129 433 2182 sustulitTtsl.Veu.
450 2132 518 2183 2.-
533 2141 561 2180 nt
575 2128 699 2200 suffugit,
720 2135 889 2181 summutavit
909 2133 1018 2181 sustulit
1032 2130 1129 2185 Ald.2.

60 2200 127 2253 Sch.
144 2200 196 2253 Or.
214 2226 251 2238 -
267 2210 298 2249 ut
315 2199 434 2266 subegit,
454 2204 637 2262 summutavit,
667 2200 791 2250 substulit
813 2201 867 2252 Vit.
890 2200 942 2252 Dr.
966 2229 1001 2239 ··-
1023 2200 1129 2267 subegit

60 2268 232 2321 summutavit
244 2266 354 2317 nastulis
367 2267 409 2318 Ju.
426 2267 457 2317 L.
472 2268 538 2317 Non
550 2276 592 2316 est
610 2268 779 2329 verisimile,
797 2268 990 2320 accumulasse
1013 2268 1130 2320 Cicero-

59 2354 126 2391 nem
141 2352 223 2391 exem
245 2334 283 2391 le.
305 2335 455 2404 subegisset
474 2337 582 2385 sustulit
605 2337 720 2387 omnino
736 2336 808 2387 falsu
823 2345 899 2391 sunt.

133 2406 203 2475 Cap.
219 2353 264 2460 ld·
300 2406 360 2459 159.
395 2407 478 2473 quid?
496 2407 523 2453 in
536 2404 576 2471 m]
598 2408 667 2471 quod
685 2408 710 2455 iu
725 2425 748 2458 ν.
764 2407 825 2459 vet.

93 2493 146 2527 utus
159 2475 333 2539 concussum]
351 2491 402 2522 seon
414 2492 548 2524 conessum
560 2474 629 2528 Veu.
644 2477 668 2527 1.
684 2474 760 2528 Med.
773 2473 855 2526 Aldd.
874 2471 949 2526 vict.
967 2479 1008 2516 -'
1020 2474 1127 2526 concis-

61 2564 119 2598 suta
130 2566 181 2597 non
193 2554 342 2597 eoncessum
358 2542 410 2592 Dr.

94 2612 221 2683 quidam]
241 2612 344 2680 quidem
356 2608 445 2664 Niuol.

92 2678 240 2755 pertisum]
255 2682 385 2747 percisum
400 2679 455 2729 Vis,
469 2682 539 2731 Ven.
554 2682 579 2735 2.
596 2678 705 2746 Gryph.
723 2681 746 2733 l.
760 2709 795 2719 -
809 2691 943 2747 petasum
968 2679 1049 2729 etiam
1062 2677 1126 2731 vet.

58 2765 242 2820 -pertusum
261 2748 329 2800 Ven.
342 2751 366 2801 1.
382 2748 460 2800 Med.
476 2776 509 2787 -
528 2768 562 2797 ex
576 2753 684 2813 quidum
695 2751 825 2816 percisum
840 2750 904 2801 Tul.
924 2778 959 2788 —
973 2765 1126 2815 percussum

58 2822 206 2875 Nouiusv.
220 2819 369 2886 persedere:
395 2818 594 2868 Concisumnoss
607 2836 775 2885 concussum,
803 2830 827 2869 st
847 2820 916 2888 quud
936 2820 1045 2887 quidam
1062 2835 1125 2886 per-

58 2908 164 2943 cussum
175 2889 254 2940 stium
264 2884 364 2937 volunt.

96 2956 235 3024 instituto]
253 2958 377 3006 t'nsttncto
395 2953 464 3006 Ven.
481 2957 504 3010 1.

98 3029 219 3077 indoctus
232 3022 360 3090 dicimus]
380 3022 429 3074 Sto
444 3023 499 3075 Vit.
515 3023 672 3091 (inductus)
692 3024 746 3077 Gu.
763 3024 788 3079 3.
804 3024 865 3076 Vct.
881 3023 946 3078 Tul.
962 3019 1072 3075 Gellius
1085 3021 1121 3073 Ν.

58 3101 94 3155 A.
109 3095 148 3160 Il,
162 3095 203 3150 17.
217 3122 251 3133 ·-
263 3092 371 3144 inclitus
383 3094 495 3142 dicimus
511 3094 613 3148 Ceteri.

91 3166 238 3236 producta,
253 3159 428 3230 inhumanus]
442 3163 571 3224 producta
587 3162 730 3229 insipiens,
748 3161 904 3212 inhumanus
917 3162 984 3212 Ven·
1004 3164 1028 3214 1.
1040 3157 1119 3210 Med.

55 3265 93 3279 ·-
105 3236 246 3305 producto,
258 3232 386 3298 insipiens
401 3230 470 3280 brevi
483 3247 540 3283 om.
550 3231 707 3280 inhumanus
721 3231 774 3281 Dr.
1104 3275 1108 3281 ,

91 3317 119 3355 et
131 3322 163 3353 ns
178 3300 287 3363 multis]
305 3311 375 3350 stne
388 3299 485 3349 multus
501 3302 603 3368 quidem
619 3302 647 3350 iu
660 3299 745 3348 uerbis
758 3316 814 3348 esse
825 3299 931 3363 videar,
947 3299 1051 3367 primae
1071 3294 1119 3346 lit-

55 3387 133 3425 τινας
149 3382 209 3422 sunt
228 3388 295 3438 quoe
313 3370 407 3417 insano
425 3380 504 3437 utque
525 3367 649 3437 itffoelics
664 3369 810 3436 productus
831 3370 956 3419 dicuntur
975 3369 1002 3415 in
1026 3367 1121 3415 ceteris
1161 3380 1164 3387 ’

53 3442 175 3497 punitus
187 3440 307 3492 breuiter.
325 3437 403 3490 Med.

91 3512 300 3576 sapientemque
310 3508 338 3555 in
341 3506 384 3575 j]
402 3503 505 3556 Addidi
518 3506 545 3554 in
556 3506 628 3558 eDr.
637 3523 745 3567 -quas
759 3506 789 3557 in
797 3505 890 3558 insano
903 3515 983 3570 utque
996 3498 1120 3572 infelice

58 3594 84 3633 st
97 3581 203 3630 Vet-
214 3580 243 3627 in
256 3582 372 3643 sapiente
385 3594 501 3642 quasque
505 3571 594 3645 felice
607 3576 674 3624 Ven.
683 3577 708 3627 2.
727 3591 783 3626 om.
804 3577 831 3624 in
850 3574 951 3625 Ceteri.

91 3648 210 3711 dicitur]
226 3645 280 3697 int.
296 3643 387 3712 primu
398 3642 489 3695 litera.
505 3645 631 3709 products
644 3644 742 3693 dicitur
757 3646 790 3694 in
808 3641 915 3695 Sclt.-
928 3643 1052 3694 dicuntur
1065 3636 1117 3691 iut.

56 3706 152 3774 verbis.
168 3716 219 3770 Dr.
231 3714 288 3768 Gu.
301 3713 328 3768 3.
339 3712 399 3763 Ald.
411 3716 437 3767 2.
454 3711 563 3763 Gellius
579 3712 598 3763 l.
615 3713 675 3764 l.-
685 3712 750 3763 ltusc
762 3715 890 3782 products
904 3713 1035 3766 dicuntur.
1052 3707 1118 3763 Tul.

88 3790 120 3841 τ’»
134 3786 229 3837 ceteris
245 3781 288 3852 0.]
307 3786 335 3833 in
349 3784 440 3834 ceteris
456 3798 514 3830 vero
528 3800 551 3830 o.
566 3781 642 3833 Gell.

87 3858 202 3922 itemque
217 3854 378 3922 composuit]
397 3850 433 3902 cf.
448 3849 556 3902 Gellius
568 3849 587 3901 l.
601 3850 621 3901 1.
636 3847 760 3901 Diomed.
774 3865 802 3917 p.
814 3846 875 3904 428.
892 3849 986 3915 „Con
1001 3864 1118 3917 praepo-

53 3927 119 3977 sitio
133 3922 271 3992 complexu
286 3940 300 3970 s
313 3918 390 3990 uelf
400 3920 553 3971 subiunctus
566 3918 670 3970 litteras
688 3920 817 3986 producta
831 3921 1028 3987 pronuntiatur.
1046 3919 1073 3967 1²
1086 3924 1118 3964 ut

53 3992 170 4064 sosssaeso,
184 3988 298 4058 corfido,
320 3986 465 4057 confestim,
483 4006 529 4039 con
547 3999 626 4042 estus.
647 3989 735 4038 eodem
750 3988 824 4037 modo
841 4005 863 4053 s,
877 3997 908 4035 ut
924 3982 1041 4051 consulo,
1051 4002 1117 4035 con-

53 4068 159 4127 scendo,
169 4078 292 4123 consono,
303 4059 425 4121 consisto,
438 4075 516 4108 consu
530 4096 536 4108 .
555 4057 673 4109 Etuersn
684 4058 741 4107 vice
749 4058 840 4106 eudem
848 4055 912 4107 aliis
925 4055 1023 4106 litteris
1033 4071 1117 4123 pmc-

51 4134 142 4204 poss‘tu
155 4130 307 4197 corripitur,
325 4137 355 4176 ut
367 4129 466 4191 concio,
485 4127 609 4190 conduco,
627 4126 758 4187 continuo,
778 4142 896 4189 convoco,
906 4134 1035 4186 consperto,
1047 4126 1116 4172 c'om·

52 4202 195 4273 pselscndo,
209 4197 368 4266 congnegof‘
385 4194 498 4263 Sergius
510 4195 539 4245 iu
552 4196 657 4247 Donet.
671 4211 698 4262 p.
708 4193 783 4249 1856.
801 4192 901 4259 „tum
918 4192 1116 4242 vehementissi-

55 4270 246 4325 meobsssvurs
263 4268 396 4331 debemus,
422 4274 453 4315 ut
469 4266 536 4315 Con
553 4275 578 4315 et
594 4266 653 4331 Ju,
672 4266 871 4332 quotiescunque
891 4262 988 4313 tatem
1004 4270 1068 4334 post
1087 4277 1116 4310 ss
