2656 5018
271 275 342 345 AD
380 272 610 341 MARCUM
644 269 874 341 BRUTUM·
1070 279 1111 345 te

31 434 183 501 teriectus
215 433 310 498 inter
334 429 415 510 hus,
450 427 581 495 medius
607 440 640 493 et
665 426 760 513 quasi
789 440 1014 518 temperatus,
1051 450 1113 496 nee

34 536 186 603 acumine
207 533 441 620 posteriorum
466 531 527 595 ne'c
547 530 690 596 fulmine
712 542 809 596 utens
823 531 1051 618 superiorum,
1073 544 1112 596 ut

32 642 149 706 cianus
178 635 382 712 amborum,
410 633 449 698 in
474 647 594 698 neutro
618 633 804 710 excellens,
835 635 1010 722 utriusque
1029 654 1112 723 par-

26 745 149 830 ticeps,
179 739 242 803 vel
268 737 445 821 utriusque
473 735 515 818 (si
539 757 659 801 verum
684 736 888 823 quaerimus)
919 737 1030 823 potius
1047 759 1112 802 ex·

26 867 112 934 pers.
156 842 265 926 Isque
276 859 340 903 uuo
356 850 491 917 tenore,
513 848 551 902 ut
568 837 678 917 aiunt,
698 841 735 904 in
761 839 901 904 dicendo
915 838 1005 920 lluit,
1027 838 1110 904 nihil

25 945 180 1012 afferens
204 950 332 1028 praeter
350 937 545 1005 facilitatem
572 951 606 1004 et
627 941 912 1024 aequabilitatem,
943 952 1002 1006 aut
1019 940 1110 1006 addit

24 1048 169 1131 aliquos
190 1041 278 1106 utin
296 1062 423 1105 corona
443 1051 553 1122 toros,
577 1062 782 1127 omnemque
800 1042 985 1107 orationem
1006 1065 1111 1108 orna-

27 1146 166 1216 mentis
195 1143 330 1209 modicia
367 1142 552 1209 verborum
586 1145 895 1232 sententiarumque
926 1143 1110 1231 distinguit.

30 1252 169 1317 Horum
185 1245 395 1332 singulorum
416 1267 579 1330 generum
602 1248 804 1333 quicumque
823 1247 892 1312 vim
917 1247 952 1312 in
973 1246 1109 1331 singulis
1128 1246 1164 1307 22

35 1347 202 1416 consecuti
225 1357 323 1426 suut,
362 1368 522 1432 maguum
549 1349 586 1414 in
608 1348 797 1414 oratoribus
825 1370 949 1415 nomen
979 1349 1111 1414 habue-

29 1462 119 1519 runt.
162 1447 231 1517 Sed
258 1450 493 1538 quaerendum
523 1461 588 1533 est,
625 1451 747 1516 satisne
770 1449 804 1515 id
832 1452 923 1537 quod
952 1451 1110 1517 volumus

27 1552 212 1621 effecerint.

108 1655 281 1725 Videmus
296 1653 390 1721 enim
412 1653 514 1720 fuisse
529 1652 710 1740 quosdam,
741 1654 799 1742 qui
822 1652 926 1720 iidem
945 1667 1063 1723 ornate
1076 1667 1110 1723 et
1129 1671 1151 1734 7

26 1759 200 1849 graviter.
235 1757 342 1823 iidem
363 1767 497 1821 versute
526 1769 558 1821 et
586 1755 752 1822 subtiliter
781 1758 937 1825 dicerent·
996 1761 1111 1846 Atque

26 1862 164 1928 utinam
186 1860 222 1924 iu
237 1858 366 1923 Latinis
384 1857 458 1922 talia
477 1858 620 1922 oratoris
637 1858 853 1924 simulacrum
868 1860 1020 1948 reperire
1030 1884 1110 1948 poa·

28 1965 158 2030 semus!
180 1971 265 2026 esset
277 1958 453 2045 egregium
476 1983 544 2025 non
563 1982 724 2047 quaerere
743 1974 901 2044 externa,
920 1961 1110 2028 domesticis

60 2219 263 2352 ampnqtqu]
271 2216 644 2354 qqmpquqdualssr.iXen.g·
660 2221 686 2274 2.
704 2219 785 2274 Med.
798 2220 863 2276 Tul.

61 2289 880 2478 3243÷2333nffi3m1dmlli2dillrsbetdaqa'qua.
910 2357 1106 2480 Cniugrqutem

52 2443 99 2478 or
338 2442 451 2478 cnaa
500 2442 570 2477 arram
641 2442 733 2477 vaere
775 2443 934 2477 eeaer

29 2443 86 2548 aceli
100 2510 151 2559 τος
169 2492 221 2544 ubi
235 2491 345 2562 elegans
355 2502 381 2545 et
395 2443 728 2560 erqrtiiitiaaimuitnlocutie
743 2503 842 2546 contra
855 2443 1108 2564 tulissi‘luodilaiii

24 2571 143 2634 pugnat
157 2561 273 2615 dicendi
285 2577 379 2630 genua.
416 2565 506 2615 Nemo
520 2572 614 2616 autem
636 2564 763 2632 putabit,
780 2563 949 2616 vocabulum
963 2567 1065 2616 viciam
1082 2563 1108 2616 ai

24 2651 125 2687 verum
140 2640 234 2698 esset,
251 2648 376 2700 unquam
394 2631 482 2685 fuiase
496 2634 525 2684 in
543 2633 662 2685 alterum
683 2646 711 2684 ut
728 2636 819 2683 cianus
832 2642 982 2689 mutatum.
1007 2641 1108 2688 centra

22 2716 52 2754 aa
66 2705 169 2754 einana
176 2700 329 2754 librarium
342 2701 426 2754 facile
439 2701 469 2752 in
483 2717 607 2754 errorem
623 2701 756 2754 inducere
768 2709 887 2770 poterat,
898 2703 938 2755 ita
952 2711 984 2755 ut
994 2706 1107 2770 uictam,

22 2771 162 2838 frequens
172 2769 355 2836 vombulum,
366 2770 481 2838 legeret.
495 2772 523 2822 in
537 2772 678 2840 scriptura
693 2771 767 2823 enim
781 2780 932 2840 utrumque
943 2771 1025 2826 valde
1039 2788 1108 2826 cen·

21 2839 119 2894 aimile
139 2849 192 2895 eat.
216 2852 246 2891 ast
264 2844 358 2890 cinam
377 2840 450 2892 vict.
473 2841 583 2892 Cemer.
605 2841 635 2892 L.
656 2840 724 2892 Em.
746 2839 837 2893 Schlr.
856 2843 959 2893 victam
978 2841 1035 2897 Vll.
1051 2842 1106 2897 Dr·

20 2910 95 2966 Veu.
111 2912 136 2964 1.
151 2913 180 2964 2.
196 2907 275 2961 Med.
292 2910 355 2964 Aac.
370 2907 453 2962 atde.
464 2909 529 2962 Tul.
542 2911 585 2961 Ju.
600 2907 664 2964 Sch.
678 2908 730 2960 Or.

59 2981 90 3030 in
103 2978 215 3046 neutro]
235 2998 270 3028 aaa
282 2989 375 3028 neutro
387 2977 439 3030 Dr.
454 3006 489 3017 -
504 2991 593 3028 neutra
609 2994 653 3044 up.
666 2979 739 3029 Non.

62 3047 170 3115 aspera]
187 3047 346 3110 saturavit.
357 3046 397 3099 cf.
411 3045 463 3098 int.
479 3064 503 3100 c.
512 3049 555 3102 21.
572 3049 736 3116 tripartitae.
751 3043 883 3103 Schneid.
897 3045 976 3103 LG.
996 3051 1023 3106 1,
1036 3064 1066 3118 p.
1079 3047 1106 3105 9.

25 3113 128 3185 spald.
147 3115 185 3169 ad
200 3114 266 3184 Qut,
277 3115 345 3170 Τ.1.
362 3131 391 3184 p.
401 3115 461 3172 583.

49 3183 266 3254 fitila'tateaaa
286 3203 320 3234 aa
354 3183 522 3253 abilitatem]
535 3182 706 3248 ,fucultatem
725 3194 751 3232 at
767 3183 986 3251 aequabilitatem
1003 3183 1057 3236 Dr.
1069 3210 1104 3221 -

10 3250 191 3324 jaculantem
211 3264 238 3304 et
254 3272 321 3320 eque
335 3255 429 3302 itatem
449 3253 502 3305 Vit.
524 3254 595 3304 Ven.
620 3255 645 3307 1.
666 3255 692 3306 2.
716 3252 794 3304 Med.
819 3254 881 3303 Aac.
894 3253 920 3304 2.
938 3250 1003 3303 Tul.
1023 3249 1105 3306 Atdd.

21 3323 99 3382 Crat.
111 3327 187 3375 vict.
202 3322 302 3374 Lamb.
313 3322 399 3373 -De
412 3321 575 3373 conluuione
585 3339 610 3370 r.
620 3319 747 3388 lua-ulam
760 3329 788 3370 et
800 3320 930 3386 juellum
943 3317 1036 3386 Spald.
1047 3319 1106 3385 agit

22 3391 58 3443 ed
67 3395 138 3464 Qut.
151 3391 187 3445 Τ.
195 3394 223 3446 2.
237 3391 318 3460 pte.
341 3391 387 3443 De
402 3389 551 3458 significat.
564 3391 663 3446 vocab.
672 3406 699 3442 r.
708 3390 776 3446 Ean.
787 3389 853 3443 Lea.
864 3387 947 3444 Rhet.
956 3404 982 3440 r.
990 3386 1104 3459 jacilla.

57 3465 207 3532 aliquoaut
225 3463 275 3522 ia]
295 3476 351 3510 om.
366 3470 396 3509 ut
410 3460 463 3512 Dr.

55 3535 129 3583 utin
144 3533 267 3594 manaa]
286 3527 323 3579 al.
340 3544 388 3597 ap.
400 3531 464 3582 Aac.
476 3529 503 3584 2.
523 3529 633 3599 Coryna.

56 3600 145 3670 turca]
170 3598 364 3651 cheruaMon.

92 3673 134 3725 22
172 3671 228 3718 uim
241 3669 271 3717 in
282 3663 408 3734 singulis]
428 3663 474 3718 Sic
486 3664 541 3716 Vlt.
561 3665 743 3719 Constructio
753 3673 846 3718 erstem
862 3665 1017 3719 verberum
1032 3665 1105 3720 laaae

33 3743 84 3786 eat:
101 3736 175 3806 quic.
192 3736 226 3788 in
244 3735 318 3802 sing.
333 3733 434 3785 hortum
447 3751 470 3786 a.
482 3751 617 3804 generum
636 3751 713 3788 cona.
728 3753 749 3790 a.
760 3737 867 3790 vim.·-
882 3737 1104 3805 Opuonituran·

33 3810 88 3855 tem
104 3806 127 3857 ia
148 3815 263 3864 orator,
283 3802 405 3870 quinon
424 3803 455 3853 in
478 3820 535 3855 unu
548 3812 659 3856 tantum
679 3820 780 3873 genere
793 3804 903 3857 dicendi
920 3804 1035 3873 floruit,
1053 3805 1104 3860 aed

32 3869 61 3920 in
75 3875 197 3928 omnibus
209 3873 299 3926 simul
313 3871 462 3924 maximam
475 3881 639 3923 consecutus
661 3882 702 3923 eat
720 3876 786 3930 vim.
803 3875 917 3944 singulis
937 3876 1001 3928 edd.
1016 3891 1104 3946 prope

34 3956 174 3997 emmu-
188 3942 295 4014 singuli
308 3942 385 3995 coni.
403 3940 468 3996 Sch.
481 3942 507 3994 2.
522 3942 561 3993 Le
577 3941 669 4011 Clerq.
684 3942 736 3995 Or.

94 4030 160 4098 Cep.
173 4031 202 4086 7.
238 4030 270 4079 a'tl
284 4030 356 4095 quod
366 4025 497 4093 volumus]
517 4043 573 4079 om.
587 4031 656 4089 quod
668 4026 719 4080 Dr.
1134 4040 1138 4049 ·

64 4099 284 4166 ittam-iidem]
305 4098 489 4146 idem-idem
503 4095 572 4150 Ven.
588 4096 613 4149 1.
625 4097 650 4149 2.
669 4092 747 4146 Med.
762 4093 807 4149 Cl.
822 4094 897 4165 Lipa.
913 4097 1101 4168 Var.L8,29.

66 4182 149 4220 ornate
168 4169 213 4237 et]
233 4168 291 4219 Vit.
308 4164 408 4221 Lamb.
421 4193 456 4203 —
472 4175 565 4216 canate
576 4183 610 4214 aa
623 4162 725 4217 Ceteri.
743 4176 821 4234 utque
832 4167 915 4221 Mon.

8 4246 12 4299 ξ
67 4239 185 4310 externa]
205 4245 334 4290 laaatema
346 4235 417 4290 vsa.
429 4237 455 4289 l·
