2692 5018
444 249 855 317 PRO'TOEM'IUM.
1144 260 1180 315 lx
1230 202 1238 221 ἱ

106 429 178 518 quis
202 427 237 495 in
256 427 366 496 animo
383 434 585 519 conceptam
598 381 749 495 habeat·
774 375 1041 510 Quamuiseuirn
1058 445 1175 519 gram-

105 613 226 682 matici·
243 613 451 682 emendatius
476 613 585 682 multo
610 613 734 681 multoe
765 611 944 681 exhibeant
968 613 1075 698 locor,
1103 636 1180 681 raro

105 811 217 869 tamen
251 800 285 867 in
321 801 361 867 iis
375 822 377 827 ’
393 799 592 892 colligendis
618 809 692 869 tam
726 798 902 892 diligentes
934 798 1070 868 fuerunt
1102 800 1176 868 edi-

105 997 221 1073 tore,
266 992 305 1055 ut
352 1009 421 1057 non
466 988 589 1058 multos
640 985 820 1062 omiserint.
885 985 974 1073 Nam
1023 1008 1100 1060 eum
1146 987 1181 1054 in

107 1172 179 1241 aliis
211 1120 311 1244 aeuus
349 1181 423 1246 tum
462 1173 658 1266 praesertim
698 1174 734 1240 in
770 1171 968 1273 fragmenti}
1014 1173 1178 1271 librorum

107 1359 278 1432 Ciceronis
308 1361 529 1455 congerendis
560 1360 606 1430 ita
637 1360 850 1453 negligenter
881 1367 955 1430 sunt
986 1360 1039 1432 usi
1061 1383 1178 1457 gram-

104 1548 253 1634 maticis,
284 1556 324 1620 ut
355 1571 397 1619 eu
430 1548 659 1634 Quinctiliauo
696 1549 881 1639 ceterisque
912 1547 1013 1616 huius
1045 1548 1179 1640 generis

107 1734 297 1806 auctoribus
323 1737 402 1830 plus
426 1694 666 1829 quinquaginta
690 1758 778 1804 nova
803 1756 987 1825 excerpere
1007 1737 1181 1825 multaque

108 1931 296 1998 ceterorum
322 1923 413 1996 facili
451 1924 569 1997 labore
594 1923 766 1996 restituere
798 1922 973 2012 possimus,
1024 1924 1065 1994 ln
1091 1922 1181 1992 Ora·
1302 1981 1306 1995 .

107 2121 181 2215 tore
213 2120 325 2182 autom
357 2111 541 2202 plurimum
566 2109 652 2180 mihi
675 2109 806 2208 profuit
830 2119 902 2179 tum
928 2109 1180 2199 Quinctilianus,

109 2307 180 2369 tum
203 2296 324 2367 Rufini
347 2296 560 2391 grammatici
578 2296 664 2367 liber
687 2295 732 2367 de
748 2297 860 2370 metria
877 2299 1095 2386 comicorum,
1109 2307 1181 2367 tum

109 2484 148 2554 Ο.
183 2483 260 2557 Iulii
292 2482 437 2553 motoris
470 2483 535 2558 Ars
566 2481 768 2570 Rhetorica,
803 2507 905 2579 quam
940 2508 1048 2581 nuper
1073 2482 1182 2557 edidit

109 2673 200 2764 ung.
224 2652 372 2741 naua

212 2857 310 2927 Haec
334 2868 409 2926 eunt
432 2880 521 2948 quae
545 2865 681 2949 praesto
700 2857 785 2928 mihi
799 2858 903 2928 fuere.
947 2858 1094 2944 Quodsi
1110 2861 1181 2928 aliis

112 3046 252 3117 fortasse
278 3044 444 3137 probetur
467 3024 705 3135 haoo'edim,
735 3048 811 3118 illos
837 3046 921 3116 scire
944 3048 1066 3132 velim,
1091 3050 1182 3120 rnul-

110 3245 183 3305 tum
196 3257 253 3303 me
269 3232 397 3306 debere
411 3234 447 3304 iu
461 3233 528 3303 hac
541 3256 578 3302 re
595 3233 800 3306 Godofredo
816 3235 964 3307 Henrico
983 3235 1182 3321 Sohaefero

111 3423 222 3512 quint
247 3421 364 3492 ceteris
388 3422 424 3492 in
448 3423 547 3491 rebus
570 3422 618 3492 sic
641 3423 677 3494 in
700 3422 772 3492 hoc
794 3422 913 3491 labore
939 3421 1084 3513 optimus
1099 3423 1183 3494 mihi

113 3621 230 3680 auctor
266 3619 301 3681 et
333 3631 446 3681 suasor
482 3609 563 3695 fuit,
607 3610 810 3699 omninoque
855 3609 902 3678 sic
933 3632 989 3682 me
1027 3611 1111 3683 iuvit
1151 3621 1185 3681 et

117 3798 263 3869 auritio
286 3798 414 3883 litteris,
440 3807 479 3867 ut
502 3797 671 3887 nunquam
696 3797 824 3867 felicius
843 3820 896 3866 me
912 3796 1029 3866 vixisse
1046 3798 1184 3870 credam

115 4008 219 4078 quam
242 3983 312 4054 hoo
335 3985 482 4072 biennio,
509 4006 587 4055 cum
610 3984 646 4054 in
671 3984 850 4056 amicitiam
874 3983 974 4056 huius
998 3986 1059 4056 viri
1082 3995 1183 4077 atque

115 4171 374 4245 familiaritatem
401 4174 515 4244 venire
538 4173 740 4270 contigisset.
