2692 5018
225 253 284 309 xit
422 251 801 310 rnorscuusst
836 252 1126 310 urtsuous.

309 417 484 482 mendosum
506 417 634 479 dixeris:
664 417 717 499 qui
744 437 837 498 quum
865 417 1046 499 praebentur
1076 416 1201 477 olibrio
1226 417 1305 499 opti-

308 528 365 588 mis
379 537 410 589 et
422 525 588 586 modestiae
601 525 728 587 dicentis
741 527 858 605 egregie
873 526 1040 600 conveniet,
1055 546 1164 587 vereor
1178 546 1305 604 magno.

307 655 378 714 pere
405 654 444 693 ne
462 631 676 695 ‚restituendus
704 632 753 694 sit.
797 632 865 692 vid.
893 632 962 693 adn.
994 632 1033 692 ml
1055 633 1207 706 Quinctil.
1233 632 1303 692 Inst

306 743 392 801 Orat.
410 742 453 810 X.
473 746 505 815 2,
518 745 568 804 21.
594 748 625 798 et
638 739 769 802 Ellendt.
790 738 829 799 ad
850 741 936 809 Brut.
951 745 1003 814 30,
1018 741 1090 805 115.
1120 737 1209 798 Nihil
1229 739 1304 799 enim

304 847 447 927 impedit,
476 847 635 926 quominus
667 847 751 905 illam
780 846 926 907 rationem
957 845 1046 906 etism
1067 845 1099 904 iu
1120 842 1185 904 hoc
1212 845 1304 905 verbo

305 951 433 1033 (debent)
455 961 485 1012 et
500 950 531 1011 in
545 951 691 1011 similibus
711 950 852 1012 formulis
870 955 1015 1031 (aequum
1030 961 1081 1028 est,
1103 952 1243 1030 longum
1255 962 1302 1025 est,

301 1079 429 1139 ‘roseum
451 1058 525 1139 etc.)
554 1059 585 1118 in
613 1059 760 1120 eiusmodi
787 1058 885 1134 locis²
914 1058 1011 1138 qualis
1035 1056 1087 1116 hic
1114 1068 1178 1135 est,
1213 1063 1301 1120 statui

304 1186 395 1247 posse
415 1165 529 1228 credas.

220 1302 294 1383 Cep
313 1306 364 1367 61.
385 1300 417 1381 6.
436 1305 508 1366 206.
536 1299 723 1381 probabilior
752 1310 798 1361 est
820 1298 903 1362 Mon.
937 1301 1027 1361 lectio
1063 1299 1302 1379 Explicandnm

306 1414 350 1463 est
376 1408 468 1464 etiam
494 1427 583 1486 quum
605 1408 802 1488 reliquorum.
845 1407 905 1469 Sed
932 1407 1020 1467 facile
1041 1406 1182 1467 adducor
1206 1419 1243 1470 ut
1263 1420 1302 1467 est

303 1511 381 1571 illud
403 1534 420 1570 u
441 1513 580 1599 librariis·
592 1513 726 1575 additum
749 1514 881 1579 credam.

220 1648 296 1728 Cep.
313 1652 364 1714 64.
385 1646 418 1728 6.
431 1652 505 1714 216.
522 1652 699 1727 proximum
712 1651 906 1729 superiorem.
935 1649 1005 1711 vid.
1020 1647 1186 1712 Heindorf.
1209 1649 1251 1712 sd
1269 1649 1301 1711 ll.

304 1755 343 1816 de
363 1755 401 1817 N.
422 1757 485 1817 DD.
506 1761 559 1833 20,
578 1759 632 1823 53.

304 1889 386 1950 Haec
407 1889 507 1967 habui,
528 1891 576 1952 vir
590 1891 772 1970 doctissime,
794 1910 872 1971 quse
885 1888 940 1950 tibi
956 1889 1119 1951 scriberem
1135 1889 1179 1953 de
1196 1891 1299 1953 libello

218 2006 283 2074 tuo,
303 1997 336 2056 in
357 2017 418 2078 quo
438 1997 567 2078 positam
597 2019 613 2056 s
635 2007 666 2059 te
694 1996 876 2059 industrium
898 2006 1124 2079 spectatumque
1145 2001 1299 2063 eruditio-

218 2124 287 2165 nem
317 2112 352 2163 ut
380 2121 452 2163 mox
473 2103 626 2180 graviores
655 2124 704 2165 me
740 2102 958 2185 peritioresque
986 2105 1103 2165 iudices
1132 2119 1299 2185 agnoscent

218 2220 309 2290 etque
330 2207 534 2284 celebrabunt,
554 2210 595 2271 itu
617 2221 743 2273 nonest
764 2231 820 2271 cur
841 2212 976 2292 longiore
998 2232 1135 2274 sermone
1151 2221 1209 2274 tus
1223 2224 1299 2276 tem

217 2337 292 2398 pora
321 2338 429 2382 morer.
480 2318 575 2395 Vale,
601 2321 649 2379 vir
670 2318 865 2393 amicissime,
887 2327 918 2381 et
938 2338 1001 2396 me,
1030 2302 1066 2382 ut
1091 2319 1193 2403 sacis,
1215 2306 1297 2384 ¹etms.

218 2428 283 2486 Ser.
306 2424 423 2506 Lipsiae
444 2425 588 2524 Kal-endis
608 2426 706 2509 April.
728 2425 869 2495 Δ.1827.
927 2426 930 2431 ⁴
