<?xml version="1.0" encoding="UTF-8"?>
<!DOCTYPE html PUBLIC "-//W3C//DTD XHTML 1.0 Transitional//EN"
    "http://www.w3.org/TR/xhtml1/DTD/xhtml1-transitional.dtd">
<html xmlns="http://www.w3.org/1999/xhtml" xml:lang="en" lang="en">
 <head>
  <title>
</title>
<meta http-equiv="Content-Type" content="text/html;charset=utf-8" />
  <meta name='ocr-system' content='tesseract 3.04.00' />
  <meta name='ocr-capabilities' content='ocr_page ocr_carea ocr_par ocr_line ocrx_word'/>
</head>
<body>
  <div class='ocr_page' id='page_1' title='image "./mtulliiciceroni00cicegoog_0177.png"; bbox 0 0 2692 5018; ppageno 0'>
   <div class='ocr_carea' id='block_1_1' title="bbox 199 249 942 333">
    <p class='ocr_par' dir='ltr' id='par_1_1' title="bbox 199 249 942 333">
     <span class='ocr_line' id='line_1_1' title="bbox 199 249 942 333; baseline 0.005 -16"><span class='ocrx_word' id='word_1_1' title='bbox 199 265 279 333; x_wconf 79' lang='lat' dir='ltr'><strong>us·</strong></span> <span class='ocrx_word' id='word_1_2' title='bbox 482 257 485 267; x_wconf 55' lang='lat'><strong><em>¹</em></strong></span> <span class='ocrx_word' id='word_1_3' title='bbox 634 249 942 321; x_wconf 77' lang='lat' dir='ltr'><strong>unsrun·</strong></span> 
     </span>
    </p>
   </div>
   <div class='ocr_carea' id='block_1_2' title="bbox 95 390 1301 2738">
    <p class='ocr_par' dir='ltr' id='par_1_2' title="bbox 198 390 1297 494">
     <span class='ocr_line' id='line_1_2' title="bbox 198 390 1297 494; baseline -0.015 -15"><span class='ocrx_word' id='word_1_4' title='bbox 198 407 406 479; x_wconf 81' lang='lat' dir='ltr'><strong>traiicistnus</strong></span> <span class='ocrx_word' id='word_1_5' title='bbox 436 417 571 494; x_wconf 80' lang='lat' dir='ltr'><strong>aperte.</strong></span> <span class='ocrx_word' id='word_1_6' title='bbox 590 390 816 492; x_wconf 64' lang='lat' dir='ltr'><strong>vquosmelius</strong></span> <span class='ocrx_word' id='word_1_7' title='bbox 842 411 903 469; x_wconf 82' lang='lat' dir='ltr'><strong>out</strong></span> <span class='ocrx_word' id='word_1_8' title='bbox 923 397 1020 468; x_wconf 79' lang='lat' dir='ltr'><strong>csdut</strong></span> <span class='ocrx_word' id='word_1_9' title='bbox 1040 412 1100 466; x_wconf 87' lang='lat' dir='ltr'><strong>aut</strong></span> <span class='ocrx_word' id='word_1_10' title='bbox 1120 398 1297 466; x_wconf 80' lang='lat' dir='ltr'><strong>volvatui·</strong></span> 
     </span>
    </p>

    <p class='ocr_par' dir='ltr' id='par_1_3' title="bbox 134 500 1300 901">
     <span class='ocr_line' id='line_1_3' title="bbox 134 500 1284 603; baseline -0.014 -21"><span class='ocrx_word' id='word_1_11' title='bbox 134 527 187 582; x_wconf 75' lang='lat'><strong>230</strong></span> <span class='ocrx_word' id='word_1_12' title='bbox 201 512 320 579; x_wconf 83' lang='lat' dir='ltr'><strong>oratio.</strong></span> <span class='ocrx_word' id='word_1_13' title='bbox 363 509 463 598; x_wconf 90' lang='lat' dir='ltr'><strong>Quod</strong></span> <span class='ocrx_word' id='word_1_14' title='bbox 489 532 525 573; x_wconf 86' lang='lat' dir='ltr'><strong>se</strong></span> <span class='ocrx_word' id='word_1_15' title='bbox 545 508 583 575; x_wconf 90' lang='lat' dir='ltr'><strong>L.</strong></span> <span class='ocrx_word' id='word_1_16' title='bbox 606 506 741 574; x_wconf 82' lang='lat' dir='ltr'><strong>Coelius</strong></span> <span class='ocrx_word' id='word_1_17' title='bbox 762 505 938 603; x_wconf 85' lang='lat' dir='ltr'><strong>Antipater</strong></span> <span class='ocrx_word' id='word_1_18' title='bbox 957 508 994 570; x_wconf 93' lang='lat' dir='ltr'><strong>in</strong></span> <span class='ocrx_word' id='word_1_19' title='bbox 1012 500 1187 593; x_wconf 82' lang='lat' dir='ltr'><strong>prooemio</strong></span> <span class='ocrx_word' id='word_1_20' title='bbox 1202 501 1284 567; x_wconf 88' lang='lat' dir='ltr'><strong>belli</strong></span> 
     </span>
     <span class='ocr_line' id='line_1_4' title="bbox 198 604 1300 693; baseline -0.011 -12"><span class='ocrx_word' id='word_1_21' title='bbox 198 612 318 682; x_wconf 85' lang='lat' dir='ltr'><strong>Punici</strong></span> <span class='ocrx_word' id='word_1_22' title='bbox 340 612 404 676; x_wconf 88' lang='lat' dir='ltr'><strong>nisi</strong></span> <span class='ocrx_word' id='word_1_23' title='bbox 418 610 621 674; x_wconf 82' lang='lat' dir='ltr'><strong>necessario</strong></span> <span class='ocrx_word' id='word_1_24' title='bbox 650 609 821 674; x_wconf 83' lang='lat' dir='ltr'><strong>iacturum</strong></span> <span class='ocrx_word' id='word_1_25' title='bbox 851 619 959 693; x_wconf 82' lang='lat' dir='ltr'><strong>negat.</strong></span> <span class='ocrx_word' id='word_1_26' title='bbox 1003 605 1171 672; x_wconf 81' lang='lat' dir='ltr'><strong>o-virum</strong></span> <span class='ocrx_word' id='word_1_27' title='bbox 1194 604 1300 670; x_wconf 84' lang='lat' dir='ltr'><strong>sim--</strong></span> 
     </span>
     <span class='ocr_line' id='line_1_5' title="bbox 199 706 1297 803; baseline -0.006 -23"><span class='ocrx_word' id='word_1_28' title='bbox 199 715 338 803; x_wconf 80' lang='lat' dir='ltr'><strong>plicem,</strong></span> <span class='ocrx_word' id='word_1_29' title='bbox 361 712 418 798; x_wconf 90' lang='lat' dir='ltr'><strong>qui</strong></span> <span class='ocrx_word' id='word_1_30' title='bbox 440 733 501 774; x_wconf 90' lang='lat' dir='ltr'><strong>nos</strong></span> <span class='ocrx_word' id='word_1_31' title='bbox 523 710 604 775; x_wconf 85' lang='lat' dir='ltr'>nihil</span> <span class='ocrx_word' id='word_1_32' title='bbox 627 713 731 776; x_wconf 85' lang='lat' dir='ltr'><strong>celet:</strong></span> <span class='ocrx_word' id='word_1_33' title='bbox 754 707 962 794; x_wconf 84' lang='lat' dir='ltr'><strong>sapientem,</strong></span> <span class='ocrx_word' id='word_1_34' title='bbox 983 707 1041 793; x_wconf 93' lang='lat' dir='ltr'><strong>qui</strong></span> <span class='ocrx_word' id='word_1_35' title='bbox 1063 706 1297 773; x_wconf 81' lang='lat' dir='ltr'><strong>serviendum</strong></span> 
     </span>
     <span class='ocr_line' id='line_1_6' title="bbox 199 808 1284 901; baseline -0.007 -18"><span class='ocrx_word' id='word_1_36' title='bbox 199 813 388 883; x_wconf 75' lang='lat' dir='ltr'><strong>necessitati</strong></span> <span class='ocrx_word' id='word_1_37' title='bbox 412 813 527 901; x_wconf 72' lang='lat' dir='ltr'><strong>putet!</strong></span> <span class='ocrx_word' id='word_1_38' title='bbox 541 811 620 876; x_wconf 86' lang='lat' dir='ltr'><strong>-Sed</strong></span> <span class='ocrx_word' id='word_1_39' title='bbox 644 812 700 879; x_wconf 85' lang='lat' dir='ltr'><strong>hie</strong></span> <span class='ocrx_word' id='word_1_40' title='bbox 715 854 718 859; x_wconf 91' lang='lat'>·</span> <span class='ocrx_word' id='word_1_41' title='bbox 731 811 871 877; x_wconf 90' lang='lat' dir='ltr'><strong>omnino</strong></span> <span class='ocrx_word' id='word_1_42' title='bbox 893 810 998 879; x_wconf 86' lang='lat' dir='ltr'><strong>rudis.</strong></span> <span class='ocrx_word' id='word_1_43' title='bbox 1040 808 1145 877; x_wconf 90' lang='lat' dir='ltr'><strong>Nobis</strong></span> <span class='ocrx_word' id='word_1_44' title='bbox 1167 821 1284 875; x_wconf 88' lang='lat' dir='ltr'><strong>autem</strong></span> 
     </span>
    </p>

    <p class='ocr_par' dir='ltr' id='par_1_4' title="bbox 199 911 1287 999">
     <span class='ocr_line' id='line_1_7' title="bbox 199 911 1287 999; baseline -0.006 -15"><span class='ocrx_word' id='word_1_45' title='bbox 199 918 235 983; x_wconf 91' lang='lat' dir='ltr'><strong>in</strong></span> <span class='ocrx_word' id='word_1_46' title='bbox 258 915 435 983; x_wconf 88' lang='lat' dir='ltr'><strong>scribendo</strong></span> <span class='ocrx_word' id='word_1_47' title='bbox 449 923 559 999; x_wconf 78' lang='lat' dir='ltr'><strong>&#39;atque</strong></span> <span class='ocrx_word' id='word_1_48' title='bbox 579 913 615 979; x_wconf 90' lang='lat' dir='ltr'><strong>in</strong></span> <span class='ocrx_word' id='word_1_49' title='bbox 637 913 779 980; x_wconf 85' lang='lat' dir='ltr'><strong>dicendo</strong></span> <span class='ocrx_word' id='word_1_50' title='bbox 791 912 1001 978; x_wconf 85' lang='lat' dir='ltr'><strong>necessitatis</strong></span> <span class='ocrx_word' id='word_1_51' title='bbox 1017 911 1188 977; x_wconf 81' lang='lat' dir='ltr'><strong>excusatio</strong></span> <span class='ocrx_word' id='word_1_52' title='bbox 1211 933 1287 978; x_wconf 89' lang='lat' dir='ltr'><strong>non</strong></span> 
     </span>
    </p>

    <p class='ocr_par' dir='ltr' id='par_1_5' title="bbox 116 1012 1301 1514">
     <span class='ocr_line' id='line_1_8' title="bbox 116 1012 1301 1109; baseline -0.006 -23"><span class='ocrx_word' id='word_1_53' title='bbox 116 1028 118 1035; x_wconf 90' lang='lat'>&#39;</span> <span class='ocrx_word' id='word_1_54' title='bbox 201 1019 379 1109; x_wconf 87' lang='lat' dir='ltr'><strong>probatur.</strong></span> <span class='ocrx_word' id='word_1_55' title='bbox 422 1015 515 1083; x_wconf 88' lang='lat' dir='ltr'><strong>Nihil</strong></span> <span class='ocrx_word' id='word_1_56' title='bbox 537 1027 586 1081; x_wconf 85' lang='lat' dir='ltr'><strong>est</strong></span> <span class='ocrx_word' id='word_1_57' title='bbox 612 1016 704 1081; x_wconf 89' lang='lat' dir='ltr'><strong>enim</strong></span> <span class='ocrx_word' id='word_1_58' title='bbox 727 1037 877 1094; x_wconf 87' lang='lat' dir='ltr'><strong>necesse,</strong></span> <span class='ocrx_word' id='word_1_59' title='bbox 909 1025 943 1078; x_wconf 85' lang='lat' dir='ltr'><strong>et</strong></span> <span class='ocrx_word' id='word_1_60' title='bbox 965 1013 991 1078; x_wconf 91' lang='lat' dir='ltr'><strong>si</strong></span> <span class='ocrx_word' id='word_1_61' title='bbox 1015 1012 1221 1098; x_wconf 87' lang='lat' dir='ltr'><strong>quid&#39;esset,</strong></span> <span class='ocrx_word' id='word_1_62' title='bbox 1249 1014 1301 1080; x_wconf 88' lang='lat' dir='ltr'><strong>id·</strong></span> 
     </span>
     <span class='ocr_line' id='line_1_9' title="bbox 201 1115 1287 1202; baseline -0.006 -15"><span class='ocrx_word' id='word_1_63' title='bbox 201 1141 336 1188; x_wconf 90' lang='lat' dir='ltr'><strong>necesse</strong></span> <span class='ocrx_word' id='word_1_64' title='bbox 355 1128 474 1182; x_wconf 84' lang='lat' dir='ltr'><strong>tamen</strong></span> <span class='ocrx_word' id='word_1_65' title='bbox 498 1139 566 1182; x_wconf 88' lang='lat' dir='ltr'><strong>non</strong></span> <span class='ocrx_word' id='word_1_66' title='bbox 588 1128 663 1183; x_wconf 86' lang='lat' dir='ltr'><strong>erat</strong></span> <span class='ocrx_word' id='word_1_67' title='bbox 691 1115 856 1184; x_wconf 86' lang='lat' dir='ltr'><strong>confiteri.</strong></span> <span class='ocrx_word' id='word_1_68' title='bbox 891 1117 937 1182; x_wconf 86' lang='lat' dir='ltr'><strong>Et</strong></span> <span class='ocrx_word' id='word_1_69' title='bbox 958 1115 1012 1181; x_wconf 90' lang='lat' dir='ltr'><strong>hic</strong></span> <span class='ocrx_word' id='word_1_70' title='bbox 1034 1117 1194 1201; x_wconf 84' lang='lat' dir='ltr'><strong>quidem,</strong></span> <span class='ocrx_word' id='word_1_71' title='bbox 1225 1116 1287 1202; x_wconf 92' lang='lat' dir='ltr'><strong>qui</strong></span> 
     </span>
     <span class='ocr_line' id='line_1_10' title="bbox 203 1216 1285 1306; baseline -0.006 -17"><span class='ocrx_word' id='word_1_72' title='bbox 203 1229 292 1289; x_wconf 86' lang='lat' dir='ltr'><strong>hanc</strong></span> <span class='ocrx_word' id='word_1_73' title='bbox 314 1245 334 1286; x_wconf 86' lang='lat' dir='ltr'><strong>a</strong></span> <span class='ocrx_word' id='word_1_74' title='bbox 355 1218 485 1297; x_wconf 82' lang='lat' dir='ltr'><strong>Laelio,</strong></span> <span class='ocrx_word' id='word_1_75' title='bbox 508 1217 550 1283; x_wconf 85' lang='lat' dir='ltr'><strong>ad</strong></span> <span class='ocrx_word' id='word_1_76' title='bbox 570 1239 672 1303; x_wconf 89' lang='lat' dir='ltr'><strong>quem</strong></span> <span class='ocrx_word' id='word_1_77' title='bbox 687 1216 840 1303; x_wconf 76' lang='lat' dir='ltr'><strong>scripsit,</strong></span> <span class='ocrx_word' id='word_1_78' title='bbox 862 1219 916 1284; x_wconf 89' lang='lat' dir='ltr'><strong>cui</strong></span> <span class='ocrx_word' id='word_1_79' title='bbox 935 1239 971 1284; x_wconf 88' lang='lat' dir='ltr'><strong>se</strong></span> <span class='ocrx_word' id='word_1_80' title='bbox 986 1231 1125 1306; x_wconf 80' lang='lat' dir='ltr'><strong>purgat,</strong></span> <span class='ocrx_word' id='word_1_81' title='bbox 1147 1218 1285 1284; x_wconf 81' lang='lat' dir='ltr'><strong>venium</strong></span> 
     </span>
     <span class='ocr_line' id='line_1_11' title="bbox 202 1318 1299 1414; baseline -0.005 -24"><span class='ocrx_word' id='word_1_82' title='bbox 202 1326 303 1414; x_wconf 90' lang='lat' dir='ltr'><strong>petit,</strong></span> <span class='ocrx_word' id='word_1_83' title='bbox 326 1333 361 1388; x_wconf 87' lang='lat' dir='ltr'><strong>et</strong></span> <span class='ocrx_word' id='word_1_84' title='bbox 382 1319 550 1386; x_wconf 82' lang='lat' dir='ltr'><strong>utitur&#39;ea</strong></span> <span class='ocrx_word' id='word_1_85' title='bbox 573 1320 768 1386; x_wconf 81' lang='lat' dir='ltr'><strong>tc&#39;ciectione</strong></span> <span class='ocrx_word' id='word_1_86' title='bbox 784 1318 968 1386; x_wconf 85' lang='lat' dir='ltr'><strong>verborum</strong></span> <span class='ocrx_word' id='word_1_87' title='bbox 987 1334 1022 1387; x_wconf 91' lang='lat' dir='ltr'><strong>et</strong></span> <span class='ocrx_word' id='word_1_88' title='bbox 1042 1321 1148 1386; x_wconf 86' lang='lat' dir='ltr'><strong>nihilo</strong></span> <span class='ocrx_word' id='word_1_89' title='bbox 1169 1331 1299 1386; x_wconf 72' lang='lat' dir='ltr'><strong>tamen·</strong></span> 
     </span>
     <span class='ocr_line' id='line_1_12' title="bbox 202 1422 1285 1514; baseline -0.006 -22"><span class='ocrx_word' id='word_1_90' title='bbox 202 1425 313 1514; x_wconf 80' lang='lat' dir='ltr'><strong>aptius</strong></span> <span class='ocrx_word' id='word_1_91' title='bbox 332 1422 447 1508; x_wconf 87' lang='lat' dir='ltr'><strong>explet</strong></span> <span class='ocrx_word' id='word_1_92' title='bbox 467 1422 913 1509; x_wconf 85' lang='lat' dir='ltr'><strong>concluditquesententias.</strong></span> <span class='ocrx_word' id='word_1_93' title='bbox 958 1422 1056 1510; x_wconf 88' lang='lat' dir='ltr'>Apud</span> <span class='ocrx_word' id='word_1_94' title='bbox 1073 1423 1153 1488; x_wconf 84' lang='lat' dir='ltr'><strong>alios</strong></span> <span class='ocrx_word' id='word_1_95' title='bbox 1167 1434 1285 1487; x_wconf 86' lang='lat' dir='ltr'><strong>autem</strong></span> 
     </span>
    </p>

    <p class='ocr_par' dir='ltr' id='par_1_6' title="bbox 203 1525 1282 1610">
     <span class='ocr_line' id='line_1_13' title="bbox 203 1525 1282 1610; baseline -0.006 -17"><span class='ocrx_word' id='word_1_96' title='bbox 203 1541 237 1593; x_wconf 90' lang='lat' dir='ltr'><strong>et</strong></span> <span class='ocrx_word' id='word_1_97' title='bbox 259 1525 418 1594; x_wconf 80' lang='lat' dir='ltr'><strong>Asiaticos</strong></span> <span class='ocrx_word' id='word_1_98' title='bbox 449 1526 597 1590; x_wconf 82' lang='lat' dir='ltr'><strong>maxime</strong></span> <span class='ocrx_word' id='word_1_99' title='bbox 623 1546 767 1590; x_wconf 89' lang='lat' dir='ltr'><strong>numero</strong></span> <span class='ocrx_word' id='word_1_100' title='bbox 790 1525 971 1591; x_wconf 78' lang='lat' dir='ltr'><strong>servientes</strong></span> <span class='ocrx_word' id='word_1_101' title='bbox 992 1525 1157 1590; x_wconf 81' lang='lat' dir='ltr'><strong>inculcata</strong></span> <span class='ocrx_word' id='word_1_102' title='bbox 1177 1546 1282 1610; x_wconf 85' lang='lat' dir='ltr'><strong>repe-</strong></span> 
     </span>
    </p>

    <p class='ocr_par' dir='ltr' id='par_1_7' title="bbox 95 1625 1293 2738">
     <span class='ocr_line' id='line_1_14' title="bbox 95 1625 1289 1711; baseline -0.005 -15"><span class='ocrx_word' id='word_1_103' title='bbox 95 1628 111 1701; x_wconf 48' lang='lat' dir='ltr'><em>J</em></span> <span class='ocrx_word' id='word_1_104' title='bbox 203 1630 269 1696; x_wconf 85' lang='lat' dir='ltr'><strong>rias</strong></span> <span class='ocrx_word' id='word_1_105' title='bbox 291 1625 406 1695; x_wconf 78' lang='lat' dir='ltr'><strong>inania</strong></span> <span class='ocrx_word' id='word_1_106' title='bbox 428 1629 594 1711; x_wconf 78' lang='lat' dir='ltr'><strong>quaedam</strong></span> <span class='ocrx_word' id='word_1_107' title='bbox 617 1625 719 1690; x_wconf 85' lang='lat' dir='ltr'><strong>verba</strong></span> <span class='ocrx_word' id='word_1_108' title='bbox 742 1627 834 1711; x_wconf 84' lang='lat' dir='ltr'><strong>qussi</strong></span> <span class='ocrx_word' id='word_1_109' title='bbox 857 1628 1289 1711; x_wconf 73' lang='lat' dir='ltr'><strong>complementa-numero-</strong></span> 
     </span>
     <span class='ocr_line' id='line_1_15' title="bbox 204 1719 1293 1816; baseline -0.002 -22"><span class='ocrx_word' id='word_1_110' title='bbox 204 1751 294 1794; x_wconf 86' lang='lat' dir='ltr'><strong>rum.</strong></span> <span class='ocrx_word' id='word_1_111' title='bbox 336 1724 426 1791; x_wconf 81' lang='lat' dir='ltr'><strong>Sunt</strong></span> <span class='ocrx_word' id='word_1_112' title='bbox 448 1726 548 1793; x_wconf 88' lang='lat' dir='ltr'><strong>etiam</strong></span> <span class='ocrx_word' id='word_1_113' title='bbox 571 1727 627 1816; x_wconf 92' lang='lat' dir='ltr'><strong>qui</strong></span> <span class='ocrx_word' id='word_1_114' title='bbox 648 1727 708 1792; x_wconf 92' lang='lat' dir='ltr'><strong>illo</strong></span> <span class='ocrx_word' id='word_1_115' title='bbox 736 1726 836 1808; x_wconf 87' lang='lat' dir='ltr'><strong>vitio,</strong></span> <span class='ocrx_word' id='word_1_116' title='bbox 867 1719 957 1814; x_wconf 82' lang='lat' dir='ltr'><strong>quod</strong></span> <span class='ocrx_word' id='word_1_117' title='bbox 979 1729 1022 1794; x_wconf 86' lang='lat' dir='ltr'><strong>ab</strong></span> <span class='ocrx_word' id='word_1_118' title='bbox 1044 1729 1293 1815; x_wconf 58' lang='lat' dir='ltr'><strong>Hegesiumaw</strong></span> 
     </span>
     <span class='ocr_line' id='line_1_16' title="bbox 204 1824 1286 1917; baseline -0.002 -21"><span class='ocrx_word' id='word_1_119' title='bbox 204 1828 298 1896; x_wconf 86' lang='lat' dir='ltr'><strong>xime</strong></span> <span class='ocrx_word' id='word_1_120' title='bbox 314 1825 423 1910; x_wconf 85' lang='lat' dir='ltr'><strong>fluxit,</strong></span> <span class='ocrx_word' id='word_1_121' title='bbox 431 1824 652 1917; x_wconf 83' lang='lat' dir='ltr'><strong>infringendis</strong></span> <span class='ocrx_word' id='word_1_122' title='bbox 667 1829 947 1915; x_wconf 85' lang='lat' dir='ltr'><strong>concidendisque</strong></span> <span class='ocrx_word' id='word_1_123' title='bbox 960 1831 1113 1895; x_wconf 87' lang='lat' dir='ltr'><strong>numeris</strong></span> <span class='ocrx_word' id='word_1_124' title='bbox 1127 1832 1161 1895; x_wconf 92' lang='lat' dir='ltr'><strong>in</strong></span> <span class='ocrx_word' id='word_1_125' title='bbox 1174 1830 1286 1915; x_wconf 90' lang='lat' dir='ltr'><strong>quod·</strong></span> 
     </span>
     <span class='ocr_line' id='line_1_17' title="bbox 188 1928 1284 2018; baseline -0.001 -19"><span class='ocrx_word' id='word_1_126' title='bbox 188 1934 284 1999; x_wconf 82' lang='lat' dir='ltr'><strong>-dsm</strong></span> <span class='ocrx_word' id='word_1_127' title='bbox 313 1952 418 2018; x_wconf 87' lang='lat' dir='ltr'><strong>genus</strong></span> <span class='ocrx_word' id='word_1_128' title='bbox 452 1931 617 1997; x_wconf 83' lang='lat' dir='ltr'><strong>abiectum</strong></span> <span class='ocrx_word' id='word_1_129' title='bbox 656 1928 808 1996; x_wconf 85' lang='lat' dir='ltr'><strong>incidant</strong></span> <span class='ocrx_word' id='word_1_130' title='bbox 839 1930 1032 1998; x_wconf 82' lang='lat' dir='ltr'><strong>Siculorum</strong></span> <span class='ocrx_word' id='word_1_131' title='bbox 1059 1935 1284 2000; x_wconf 89' lang='lat' dir='ltr'><strong>simillimum.</strong></span> 
     </span>
     <span class='ocr_line' id='line_1_18' title="bbox 140 2030 1285 2117; baseline -0.001 -16"><span class='ocrx_word' id='word_1_132' title='bbox 140 2057 193 2112; x_wconf 70' lang='lat'><strong>231</strong></span> <span class='ocrx_word' id='word_1_133' title='bbox 206 2032 361 2102; x_wconf 88' lang='lat' dir='ltr'><strong>Tertium</strong></span> <span class='ocrx_word' id='word_1_134' title='bbox 392 2042 455 2110; x_wconf 84' lang='lat' dir='ltr'><strong>est,</strong></span> <span class='ocrx_word' id='word_1_135' title='bbox 485 2031 520 2098; x_wconf 91' lang='lat' dir='ltr'><strong>in</strong></span> <span class='ocrx_word' id='word_1_136' title='bbox 551 2055 619 2117; x_wconf 92' lang='lat' dir='ltr'><strong>quo</strong></span> <span class='ocrx_word' id='word_1_137' title='bbox 647 2030 787 2097; x_wconf 85' lang='lat' dir='ltr'><strong>fuerunt</strong></span> <span class='ocrx_word' id='word_1_138' title='bbox 821 2032 951 2099; x_wconf 83' lang='lat' dir='ltr'><strong>fratres</strong></span> <span class='ocrx_word' id='word_1_139' title='bbox 974 2035 1023 2100; x_wconf 91' lang='lat' dir='ltr'><strong>illi</strong></span> <span class='ocrx_word' id='word_1_140' title='bbox 1060 2036 1285 2103; x_wconf 81' lang='lat' dir='ltr'><strong>Asiaticorum</strong></span> 
     </span>
     <span class='ocr_line' id='line_1_19' title="bbox 126 2130 1285 2221; baseline 0 -19"><span class='ocrx_word' id='word_1_141' title='bbox 126 2134 130 2153; x_wconf 64' lang='lat'><strong>&#39;¹</strong></span> <span class='ocrx_word' id='word_1_142' title='bbox 205 2140 383 2204; x_wconf 82' lang='lat' dir='ltr'><strong>rhetorum</strong></span> <span class='ocrx_word' id='word_1_143' title='bbox 412 2133 577 2221; x_wconf 81' lang='lat' dir='ltr'><strong>principes</strong></span> <span class='ocrx_word' id='word_1_144' title='bbox 605 2130 776 2200; x_wconf 84' lang='lat' dir='ltr'><strong>Hierocles</strong></span> <span class='ocrx_word' id='word_1_145' title='bbox 805 2146 838 2199; x_wconf 89' lang='lat' dir='ltr'><strong>et</strong></span> <span class='ocrx_word' id='word_1_146' title='bbox 858 2137 1025 2202; x_wconf 85' lang='lat' dir='ltr'><strong>Menecles</strong></span> <span class='ocrx_word' id='word_1_147' title='bbox 1045 2138 1185 2205; x_wconf 86' lang='lat' dir='ltr'><strong>minime</strong></span> <span class='ocrx_word' id='word_1_148' title='bbox 1206 2158 1285 2203; x_wconf 82' lang='lat' dir='ltr'><strong>mea</strong></span> 
     </span>
     <span class='ocr_line' id='line_1_20' title="bbox 136 2234 1287 2312; baseline -0.001 -7"><span class='ocrx_word' id='word_1_149' title='bbox 136 2305 140 2312; x_wconf 82' lang='grc'><strong>,</strong></span> <span class='ocrx_word' id='word_1_150' title='bbox 206 2236 371 2305; x_wconf 85' lang='lat' dir='ltr'><strong>sententia</strong></span> <span class='ocrx_word' id='word_1_151' title='bbox 393 2235 642 2300; x_wconf 84' lang='lat' dir='ltr'><strong>contemnendi.</strong></span> <span class='ocrx_word' id='word_1_152' title='bbox 693 2234 766 2302; x_wconf 85' lang='lat' dir='ltr'><strong>Etsi</strong></span> <span class='ocrx_word' id='word_1_153' title='bbox 795 2236 885 2303; x_wconf 87' lang='lat' dir='ltr'><strong>enim</strong></span> <span class='ocrx_word' id='word_1_154' title='bbox 907 2261 926 2304; x_wconf 83' lang='lat' dir='ltr'><strong>a</strong></span> <span class='ocrx_word' id='word_1_155' title='bbox 948 2237 1059 2306; x_wconf 83' lang='lat' dir='ltr'><strong>forma</strong></span> <span class='ocrx_word' id='word_1_156' title='bbox 1081 2238 1230 2305; x_wconf 81' lang='lat' dir='ltr'><strong>veritatis</strong></span> <span class='ocrx_word' id='word_1_157' title='bbox 1251 2250 1287 2304; x_wconf 85' lang='lat' dir='ltr'><strong>et</strong></span> 
     </span>
     <span class='ocr_line' id='line_1_21' title="bbox 211 2337 1287 2431; baseline -0.004 -23"><span class='ocrx_word' id='word_1_158' title='bbox 211 2342 253 2408; x_wconf 90' lang='lat' dir='ltr'><strong>ab</strong></span> <span class='ocrx_word' id='word_1_159' title='bbox 277 2337 468 2407; x_wconf 88' lang='lat' dir='ltr'><strong>Atticorum</strong></span> <span class='ocrx_word' id='word_1_160' title='bbox 496 2340 614 2424; x_wconf 83' lang='lat' dir='ltr'><strong>regula</strong></span> <span class='ocrx_word' id='word_1_161' title='bbox 640 2340 781 2420; x_wconf 83' lang='lat' dir='ltr'><strong>absunt,</strong></span> <span class='ocrx_word' id='word_1_162' title='bbox 817 2353 931 2408; x_wconf 84' lang='lat' dir='ltr'><strong>tamen</strong></span> <span class='ocrx_word' id='word_1_163' title='bbox 958 2345 1024 2409; x_wconf 90' lang='lat' dir='ltr'><strong>hoc</strong></span> <span class='ocrx_word' id='word_1_164' title='bbox 1043 2341 1166 2431; x_wconf 86' lang='lat' dir='ltr'><strong>vitium</strong></span> <span class='ocrx_word' id='word_1_165' title='bbox 1189 2363 1287 2405; x_wconf 87' lang='lat' dir='ltr'><strong>com·</strong></span> 
     </span>
     <span class='ocr_line' id='line_1_22' title="bbox 207 2432 1284 2534; baseline -0.002 -25"><span class='ocrx_word' id='word_1_166' title='bbox 207 2440 424 2534; x_wconf 81' lang='lat' dir='ltr'><strong>pensantvel</strong></span> <span class='ocrx_word' id='word_1_167' title='bbox 453 2434 613 2506; x_wconf 75' lang='lat' dir='ltr'><strong>facultate</strong></span> <span class='ocrx_word' id='word_1_168' title='bbox 641 2432 698 2508; x_wconf 82' lang='lat' dir='ltr'><strong>vel</strong></span> <span class='ocrx_word' id='word_1_169' title='bbox 719 2442 824 2532; x_wconf 84' lang='lat' dir='ltr'><strong>copia.</strong></span> <span class='ocrx_word' id='word_1_170' title='bbox 858 2443 923 2512; x_wconf 88' lang='lat' dir='ltr'><strong>Sed</strong></span> <span class='ocrx_word' id='word_1_171' title='bbox 944 2443 1034 2532; x_wconf 84' lang='lat' dir='ltr'><strong>apud</strong></span> <span class='ocrx_word' id='word_1_172' title='bbox 1062 2466 1118 2509; x_wconf 91' lang='lat' dir='ltr'><strong>eos</strong></span> <span class='ocrx_word' id='word_1_173' title='bbox 1142 2443 1284 2508; x_wconf 78' lang='lat' dir='ltr'><strong>varietas</strong></span> 
     </span>
     <span class='ocr_line' id='line_1_23' title="bbox 208 2541 1284 2627; baseline 0 -15"><span class='ocrx_word' id='word_1_174' title='bbox 208 2569 280 2613; x_wconf 88' lang='lat' dir='ltr'><strong>non</strong></span> <span class='ocrx_word' id='word_1_175' title='bbox 302 2554 390 2617; x_wconf 82' lang='lat' dir='ltr'><strong>erut,</strong></span> <span class='ocrx_word' id='word_1_176' title='bbox 429 2541 519 2627; x_wconf 89' lang='lat' dir='ltr'><strong>quod</strong></span> <span class='ocrx_word' id='word_1_177' title='bbox 543 2543 656 2610; x_wconf 87' lang='lat' dir='ltr'><strong>omnis</strong></span> <span class='ocrx_word' id='word_1_178' title='bbox 677 2544 750 2611; x_wconf 86' lang='lat' dir='ltr'><strong>sere</strong></span> <span class='ocrx_word' id='word_1_179' title='bbox 771 2546 1057 2613; x_wconf 83' lang='lat' dir='ltr'><strong>concludebantur</strong></span> <span class='ocrx_word' id='word_1_180' title='bbox 1080 2570 1149 2612; x_wconf 91' lang='lat' dir='ltr'><strong>uno</strong></span> <span class='ocrx_word' id='word_1_181' title='bbox 1172 2546 1284 2612; x_wconf 89' lang='lat' dir='ltr'><strong>modo.</strong></span> 
     </span>
     <span class='ocr_line' id='line_1_24' title="bbox 210 2640 1287 2738; baseline -0.001 -24"><span class='ocrx_word' id='word_1_182' title='bbox 210 2644 412 2738; x_wconf 75' lang='lat' dir='ltr'><strong>Quaeritis</strong></span> <span class='ocrx_word' id='word_1_183' title='bbox 438 2640 498 2730; x_wconf 88' lang='lat' dir='ltr'><strong>qui</strong></span> <span class='ocrx_word' id='word_1_184' title='bbox 519 2641 663 2733; x_wconf 79' lang='lat' dir='ltr'><strong>fugerit,</strong></span> <span class='ocrx_word' id='word_1_185' title='bbox 698 2660 737 2713; x_wconf 91' lang='lat' dir='ltr'><strong>ut</strong></span> <span class='ocrx_word' id='word_1_186' title='bbox 764 2669 875 2734; x_wconf 83' lang='lat' dir='ltr'><strong>neque</strong></span> <span class='ocrx_word' id='word_1_187' title='bbox 895 2648 1040 2715; x_wconf 84' lang='lat' dir='ltr'><strong>verbum</strong></span> <span class='ocrx_word' id='word_1_188' title='bbox 1061 2650 1108 2715; x_wconf 84' lang='lat' dir='ltr'><strong>it&#39;a</strong></span> <span class='ocrx_word' id='word_1_189' title='bbox 1130 2649 1287 2732; x_wconf 87' lang='lat' dir='ltr'><strong>traiiciat‚</strong></span> 
     </span>
    </p>
   </div>
   <div class='ocr_carea' id='block_1_3' title="bbox 210 2847 1284 2972">
    <p class='ocr_par' dir='ltr' id='par_1_8' title="bbox 210 2847 1284 2972">
     <span class='ocr_line' id='line_1_25' title="bbox 210 2847 1284 2922; baseline 0.003 -19"><span class='ocrx_word' id='word_1_190' title='bbox 210 2864 296 2902; x_wconf 87' lang='lat' dir='ltr'><strong>eemur</strong></span> <span class='ocrx_word' id='word_1_191' title='bbox 309 2865 470 2898; x_wconf 87' lang='lat' dir='ltr'><strong>numerorum</strong></span> <span class='ocrx_word' id='word_1_192' title='bbox 482 2863 585 2916; x_wconf 75' lang='lat' dir='ltr'><strong>genere·</strong></span> <span class='ocrx_word' id='word_1_193' title='bbox 596 2847 698 2922; x_wconf 83' lang='lat' dir='ltr'><strong>-sae</strong></span> <span class='ocrx_word' id='word_1_194' title='bbox 709 2864 739 2904; x_wconf 86' lang='lat' dir='ltr'><strong>ut</strong></span> <span class='ocrx_word' id='word_1_195' title='bbox 750 2852 829 2906; x_wconf 81' lang='lat' dir='ltr'><strong>uerba</strong></span> <span class='ocrx_word' id='word_1_196' title='bbox 840 2847 874 2910; x_wconf 78' lang='lat' dir='ltr'><strong>L.</strong></span> <span class='ocrx_word' id='word_1_197' title='bbox 887 2854 967 2910; x_wconf 79' lang='lat' dir='ltr'><strong>Men.</strong></span> <span class='ocrx_word' id='word_1_198' title='bbox 989 2879 1023 2896; x_wconf 90' lang='lat'><strong>·-</strong></span> <span class='ocrx_word' id='word_1_199' title='bbox 1039 2866 1069 2907; x_wconf 84' lang='lat' dir='ltr'><strong>ut</strong></span> <span class='ocrx_word' id='word_1_200' title='bbox 1081 2874 1112 2906; x_wconf 89' lang='lat' dir='ltr'><strong>ne</strong></span> <span class='ocrx_word' id='word_1_201' title='bbox 1122 2861 1201 2907; x_wconf 79' lang='lat' dir='ltr'><strong>verbu</strong></span> <span class='ocrx_word' id='word_1_202' title='bbox 1218 2853 1284 2908; x_wconf 81' lang='lat' dir='ltr'><strong>Scit.</strong></span> 
     </span>
     <span class='ocr_line' id='line_1_26' title="bbox 210 2913 520 2972; baseline -0.019 0"><span class='ocrx_word' id='word_1_203' title='bbox 210 2932 272 2972; x_wconf 79' lang='lat' dir='ltr'><strong>neue</strong></span> <span class='ocrx_word' id='word_1_204' title='bbox 286 2918 366 2968; x_wconf 76' lang='lat' dir='ltr'><strong>verda</strong></span> <span class='ocrx_word' id='word_1_205' title='bbox 385 2913 520 2968; x_wconf 89' lang='lat' dir='ltr'><strong>Gulielm.</strong></span> 
     </span>
    </p>
   </div>
   <div class='ocr_carea' id='block_1_4' title="bbox 231 2985 1059 3329">
    <p class='ocr_par' dir='ltr' id='par_1_9' title="bbox 244 2985 681 3051">
     <span class='ocr_line' id='line_1_27' title="bbox 244 2985 681 3051; baseline -0.005 -12"><span class='ocrx_word' id='word_1_206' title='bbox 244 2985 432 3051; x_wconf 81' lang='lat' dir='ltr'><strong>traiiciomus]</strong></span> <span class='ocrx_word' id='word_1_207' title='bbox 450 2985 607 3037; x_wconf 81' lang='lat' dir='ltr'><strong>traiciamus</strong></span> <span class='ocrx_word' id='word_1_208' title='bbox 624 2988 681 3042; x_wconf 83' lang='lat' dir='ltr'><strong>Vit.</strong></span> 
     </span>
    </p>

    <p class='ocr_par' dir='ltr' id='par_1_10' title="bbox 245 3051 1059 3191">
     <span class='ocr_line' id='line_1_28' title="bbox 245 3051 1059 3122; baseline 0.017 -20"><span class='ocrx_word' id='word_1_209' title='bbox 245 3084 247 3122; x_wconf 38' lang='lat' dir='ltr'>J</span> <span class='ocrx_word' id='word_1_210' title='bbox 278 3055 340 3110; x_wconf 67' lang='lat'><strong>230.</strong></span> <span class='ocrx_word' id='word_1_211' title='bbox 375 3051 445 3106; x_wconf 63' lang='lat' dir='ltr'><strong>nillil</strong></span> <span class='ocrx_word' id='word_1_212' title='bbox 456 3053 541 3122; x_wconf 58' lang='lat' dir='ltr'><strong>Gelu]</strong></span> <span class='ocrx_word' id='word_1_213' title='bbox 559 3055 593 3112; x_wconf 73' lang='lat' dir='ltr'><strong>L.</strong></span> <span class='ocrx_word' id='word_1_214' title='bbox 607 3056 675 3111; x_wconf 64' lang='lat' dir='ltr'><strong>Eme</strong></span> <span class='ocrx_word' id='word_1_215' title='bbox 685 3057 750 3113; x_wconf 73' lang='lat' dir='ltr'><strong>sch·</strong></span> <span class='ocrx_word' id='word_1_216' title='bbox 766 3059 816 3115; x_wconf 72' lang='lat' dir='ltr'><strong>ors</strong></span> <span class='ocrx_word' id='word_1_217' title='bbox 829 3058 941 3114; x_wconf 57' lang='lat' dir='ltr'><strong>-ulat</strong></span> <span class='ocrx_word' id='word_1_218' title='bbox 956 3061 1059 3116; x_wconf 50' lang='lat' dir='ltr'><strong>celeri·</strong></span> 
     </span>
     <span class='ocr_line' id='line_1_29' title="bbox 245 3122 740 3191; baseline 0.012 -16"><span class='ocrx_word' id='word_1_219' title='bbox 245 3126 321 3175; x_wconf 83' lang='lat' dir='ltr'><strong>nobis</strong></span> <span class='ocrx_word' id='word_1_220' title='bbox 337 3122 443 3191; x_wconf 82' lang='lat' dir='ltr'><strong>sutem]</strong></span> <span class='ocrx_word' id='word_1_221' title='bbox 463 3139 519 3178; x_wconf 87' lang='lat' dir='ltr'><strong>om.</strong></span> <span class='ocrx_word' id='word_1_222' title='bbox 529 3135 618 3178; x_wconf 84' lang='lat' dir='ltr'><strong>nutem</strong></span> <span class='ocrx_word' id='word_1_223' title='bbox 632 3128 699 3180; x_wconf 81' lang='lat' dir='ltr'><strong>Veri.</strong></span> <span class='ocrx_word' id='word_1_224' title='bbox 712 3132 740 3185; x_wconf 78' lang='lat'><strong>2.</strong></span> 
     </span>
    </p>

    <p class='ocr_par' dir='ltr' id='par_1_11' title="bbox 231 3191 647 3262">
     <span class='ocr_line' id='line_1_30' title="bbox 231 3191 647 3262; baseline 0.01 -18"><span class='ocrx_word' id='word_1_225' title='bbox 231 3191 389 3262; x_wconf 63' lang='lat' dir='ltr'><strong>probetur]</strong></span> <span class='ocrx_word' id='word_1_226' title='bbox 406 3203 517 3260; x_wconf 81' lang='lat' dir='ltr'><strong>putetur</strong></span> <span class='ocrx_word' id='word_1_227' title='bbox 533 3195 603 3246; x_wconf 76' lang='lat' dir='ltr'><strong>Ven·</strong></span> <span class='ocrx_word' id='word_1_228' title='bbox 619 3199 647 3251; x_wconf 75' lang='lat'><strong>2.</strong></span> 
     </span>
    </p>

    <p class='ocr_par' dir='ltr' id='par_1_12' title="bbox 235 3259 665 3329">
     <span class='ocr_line' id='line_1_31' title="bbox 235 3259 665 3329; baseline 0.007 -17"><span class='ocrx_word' id='word_1_229' title='bbox 235 3259 316 3313; x_wconf 64' lang='lat' dir='ltr'><strong>&#39;nillil</strong></span> <span class='ocrx_word' id='word_1_230' title='bbox 328 3272 367 3312; x_wconf 86' lang='lat' dir='ltr'><strong>est</strong></span> <span class='ocrx_word' id='word_1_231' title='bbox 381 3261 463 3329; x_wconf 84' lang='lat' dir='ltr'><strong>enim]</strong></span> <span class='ocrx_word' id='word_1_232' title='bbox 484 3277 541 3314; x_wconf 88' lang='lat' dir='ltr'><strong>om.</strong></span> <span class='ocrx_word' id='word_1_233' title='bbox 558 3276 597 3315; x_wconf 87' lang='lat' dir='ltr'><strong>est</strong></span> <span class='ocrx_word' id='word_1_234' title='bbox 614 3266 665 3318; x_wconf 81' lang='lat' dir='ltr'><strong>Dr.</strong></span> 
     </span>
    </p>
   </div>
   <div class='ocr_carea' id='block_1_5' title="bbox 210 3329 1287 4222">
    <p class='ocr_par' dir='ltr' id='par_1_13' title="bbox 246 3329 1136 3409">
     <span class='ocr_line' id='line_1_32' title="bbox 246 3329 1136 3409; baseline 0.018 -31"><span class='ocrx_word' id='word_1_235' title='bbox 246 3333 285 3381; x_wconf 71' lang='lat' dir='ltr'><strong>aa</strong></span> <span class='ocrx_word' id='word_1_236' title='bbox 295 3349 372 3400; x_wconf 84' lang='lat' dir='ltr'><strong>quem</strong></span> <span class='ocrx_word' id='word_1_237' title='bbox 385 3329 509 3399; x_wconf 79' lang='lat' dir='ltr'><strong>scripsit]</strong></span> <span class='ocrx_word' id='word_1_238' title='bbox 529 3333 622 3386; x_wconf 78' lang='lat' dir='ltr'><strong>scribit</strong></span> <span class='ocrx_word' id='word_1_239' title='bbox 640 3334 711 3392; x_wconf 86' lang='lat' dir='ltr'><strong>Ern.</strong></span> <span class='ocrx_word' id='word_1_240' title='bbox 723 3334 828 3407; x_wconf 83' lang='lat' dir='ltr'><strong>suspio.</strong></span> <span class='ocrx_word' id='word_1_241' title='bbox 840 3361 875 3378; x_wconf 83' lang='lat'><strong>-·</strong></span> <span class='ocrx_word' id='word_1_242' title='bbox 889 3346 1010 3409; x_wconf 67' lang='lat' dir='ltr'><strong>suspect.</strong></span> <span class='ocrx_word' id='word_1_243' title='bbox 1023 3335 1088 3391; x_wconf 76' lang='lat' dir='ltr'><strong>Sch-</strong></span> <span class='ocrx_word' id='word_1_244' title='bbox 1104 3339 1136 3394; x_wconf 68' lang='grc'><strong>1.-</strong></span> 
     </span>
    </p>

    <p class='ocr_par' dir='ltr' id='par_1_14' title="bbox 247 3398 506 3462">
     <span class='ocr_line' id='line_1_33' title="bbox 247 3398 506 3462; baseline 0.012 -12"><span class='ocrx_word' id='word_1_245' title='bbox 247 3399 346 3462; x_wconf 79' lang='lat' dir='ltr'><strong>ntlstlo]</strong></span> <span class='ocrx_word' id='word_1_246' title='bbox 365 3398 434 3450; x_wconf 68' lang='lat' dir='ltr'><strong>nillil</strong></span> <span class='ocrx_word' id='word_1_247' title='bbox 450 3398 506 3453; x_wconf 83' lang='lat' dir='ltr'><strong>vit.</strong></span> 
     </span>
    </p>

    <p class='ocr_par' dir='ltr' id='par_1_15' title="bbox 242 3466 671 3539">
     <span class='ocr_line' id='line_1_34' title="bbox 242 3466 671 3539; baseline 0.014 -18"><span class='ocrx_word' id='word_1_248' title='bbox 242 3488 256 3521; x_wconf 91' lang='lat' dir='ltr'><strong>r</strong></span> <span class='ocrx_word' id='word_1_249' title='bbox 288 3466 374 3534; x_wconf 76' lang='lat' dir='ltr'><strong>eries]</strong></span> <span class='ocrx_word' id='word_1_250' title='bbox 394 3469 505 3536; x_wconf 81' lang='lat' dir='ltr'><strong>reperies</strong></span> <span class='ocrx_word' id='word_1_251' title='bbox 521 3484 580 3539; x_wconf 77' lang='lat' dir='ltr'><strong>mg.</strong></span> <span class='ocrx_word' id='word_1_252' title='bbox 596 3469 671 3526; x_wconf 79' lang='lat'><strong>1584·</strong></span> 
     </span>
    </p>

    <p class='ocr_par' dir='ltr' id='par_1_16' title="bbox 239 3536 614 3606">
     <span class='ocr_line' id='line_1_35' title="bbox 239 3536 614 3606; baseline 0.011 -16"><span class='ocrx_word' id='word_1_253' title='bbox 239 3537 288 3590; x_wconf 86' lang='lat' dir='ltr'><strong>ilo</strong></span> <span class='ocrx_word' id='word_1_254' title='bbox 304 3536 386 3606; x_wconf 82' lang='lat' dir='ltr'><strong>vitio]</strong></span> <span class='ocrx_word' id='word_1_255' title='bbox 405 3553 462 3590; x_wconf 83' lang='lat' dir='ltr'><strong>ont.</strong></span> <span class='ocrx_word' id='word_1_256' title='bbox 481 3538 614 3594; x_wconf 81' lang='lat' dir='ltr'><strong>uitiovit.</strong></span> 
     </span>
    </p>

    <p class='ocr_par' dir='ltr' id='par_1_17' title="bbox 241 3605 948 3678">
     <span class='ocr_line' id='line_1_36' title="bbox 241 3605 948 3678; baseline 0.007 -18"><span class='ocrx_word' id='word_1_257' title='bbox 241 3605 408 3674; x_wconf 76' lang='lat' dir='ltr'><strong>Siculorum]</strong></span> <span class='ocrx_word' id='word_1_258' title='bbox 427 3607 481 3661; x_wconf 86' lang='lat' dir='ltr'><strong>Sic.</strong></span> <span class='ocrx_word' id='word_1_259' title='bbox 494 3606 620 3659; x_wconf 83' lang='lat' dir='ltr'><strong>similium</strong></span> <span class='ocrx_word' id='word_1_260' title='bbox 633 3609 688 3663; x_wconf 87' lang='lat' dir='ltr'><strong>vit.</strong></span> <span class='ocrx_word' id='word_1_261' title='bbox 699 3607 877 3678; x_wconf 85' lang='lat' dir='ltr'><strong>-J‘iculorum</strong></span> <span class='ocrx_word' id='word_1_262' title='bbox 883 3611 948 3669; x_wconf 79' lang='lat' dir='ltr'><strong>Tul.</strong></span> 
     </span>
    </p>

    <p class='ocr_par' dir='ltr' id='par_1_18' title="bbox 234 3675 1056 3746">
     <span class='ocr_line' id='line_1_37' title="bbox 234 3675 1056 3746; baseline 0.013 -23"><span class='ocrx_word' id='word_1_263' title='bbox 234 3706 236 3711; x_wconf 90' lang='lat'><em>-</em></span> <span class='ocrx_word' id='word_1_264' title='bbox 277 3675 337 3730; x_wconf 75' lang='grc'><strong>231.</strong></span> <span class='ocrx_word' id='word_1_265' title='bbox 373 3676 480 3726; x_wconf 84' lang='lat' dir='ltr'><strong>tertium</strong></span> <span class='ocrx_word' id='word_1_266' title='bbox 493 3680 550 3740; x_wconf 81' lang='lat' dir='ltr'><strong>est]</strong></span> <span class='ocrx_word' id='word_1_267' title='bbox 570 3690 691 3746; x_wconf 69' lang='lat' dir='ltr'><strong>qiuartum</strong></span> <span class='ocrx_word' id='word_1_268' title='bbox 708 3691 748 3730; x_wconf 76' lang='lat' dir='ltr'><strong>est</strong></span> <span class='ocrx_word' id='word_1_269' title='bbox 766 3679 830 3737; x_wconf 76' lang='lat' dir='ltr'><strong>Seh.</strong></span> <span class='ocrx_word' id='word_1_270' title='bbox 1055 3742 1056 3745; x_wconf 7' lang='grc' dir='ltr'><strong>Ἰ</strong></span> 
     </span>
    </p>

    <p class='ocr_par' dir='ltr' id='par_1_19' title="bbox 210 3742 1287 4020">
     <span class='ocr_line' id='line_1_38' title="bbox 246 3742 1284 3813; baseline 0.011 -20"><span class='ocrx_word' id='word_1_271' title='bbox 246 3742 398 3811; x_wconf 79' lang='lat' dir='ltr'><strong>Hierocles]</strong></span> <span class='ocrx_word' id='word_1_272' title='bbox 417 3744 534 3795; x_wconf 72' lang='lat' dir='ltr'><strong>hierocles</strong></span> <span class='ocrx_word' id='word_1_273' title='bbox 547 3757 573 3796; x_wconf 90' lang='lat' dir='ltr'><strong>et</strong></span> <span class='ocrx_word' id='word_1_274' title='bbox 585 3747 710 3798; x_wconf 77' lang='lat' dir='ltr'><strong>merocles</strong></span> <span class='ocrx_word' id='word_1_275' title='bbox 724 3747 780 3804; x_wconf 82' lang='lat' dir='ltr'><strong>vit.</strong></span> <span class='ocrx_word' id='word_1_276' title='bbox 795 3751 863 3806; x_wconf 75' lang='lat' dir='ltr'><strong>Ven.</strong></span> <span class='ocrx_word' id='word_1_277' title='bbox 876 3754 901 3806; x_wconf 72' lang='lat'><strong>1.</strong></span> <span class='ocrx_word' id='word_1_278' title='bbox 913 3752 940 3805; x_wconf 76' lang='grc'><strong>2.</strong></span> <span class='ocrx_word' id='word_1_279' title='bbox 953 3750 1018 3804; x_wconf 81' lang='lat' dir='ltr'><strong>Tul.</strong></span> <span class='ocrx_word' id='word_1_280' title='bbox 1033 3749 1092 3804; x_wconf 85' lang='lat' dir='ltr'><strong>Cic.</strong></span> <span class='ocrx_word' id='word_1_281' title='bbox 1105 3750 1139 3803; x_wconf 81' lang='lat' dir='ltr'><strong>de</strong></span> <span class='ocrx_word' id='word_1_282' title='bbox 1156 3751 1284 3813; x_wconf 64' lang='lat' dir='ltr'><strong>Orubll,</strong></span> 
     </span>
     <span class='ocr_line' id='line_1_39' title="bbox 210 3811 1287 3890; baseline 0.005 -25"><span class='ocrx_word' id='word_1_283' title='bbox 210 3811 254 3865; x_wconf 75' lang='lat'><strong>28·</strong></span> <span class='ocrx_word' id='word_1_284' title='bbox 279 3815 375 3878; x_wconf 77' lang='lat' dir='ltr'><strong>„Quae</strong></span> <span class='ocrx_word' id='word_1_285' title='bbox 388 3813 413 3862; x_wconf 83' lang='lat' dir='ltr'><strong>si</strong></span> <span class='ocrx_word' id='word_1_286' title='bbox 428 3813 541 3864; x_wconf 82' lang='lat' dir='ltr'><strong>volemus</strong></span> <span class='ocrx_word' id='word_1_287' title='bbox 553 3834 634 3883; x_wconf 85' lang='lat' dir='ltr'><strong>usque</strong></span> <span class='ocrx_word' id='word_1_288' title='bbox 650 3819 686 3867; x_wconf 83' lang='lat' dir='ltr'><strong>ad</strong></span> <span class='ocrx_word' id='word_1_289' title='bbox 700 3817 750 3867; x_wconf 75' lang='lat' dir='ltr'><strong>icoc</strong></span> <span class='ocrx_word' id='word_1_290' title='bbox 764 3831 863 3887; x_wconf 74' lang='lat' dir='ltr'><strong>tempus</strong></span> <span class='ocrx_word' id='word_1_291' title='bbox 883 3823 1018 3888; x_wconf 81' lang='lat' dir='ltr'><strong>persequi,</strong></span> <span class='ocrx_word' id='word_1_292' title='bbox 1043 3821 1233 3890; x_wconf 75' lang='lat' dir='ltr'><strong>intelligemus,</strong></span> <span class='ocrx_word' id='word_1_293' title='bbox 1255 3833 1287 3871; x_wconf 82' lang='lat' dir='ltr'><strong>ut</strong></span> 
     </span>
     <span class='ocr_line' id='line_1_40' title="bbox 210 3879 1286 3960; baseline 0.009 -30"><span class='ocrx_word' id='word_1_294' title='bbox 210 3879 288 3930; x_wconf 77' lang='lat' dir='ltr'><strong>leodis</strong></span> <span class='ocrx_word' id='word_1_295' title='bbox 301 3881 512 3933; x_wconf 79' lang='lat' dir='ltr'><strong>Alabandensem</strong></span> <span class='ocrx_word' id='word_1_296' title='bbox 525 3882 601 3935; x_wconf 87' lang='lat' dir='ltr'><strong>illurn</strong></span> <span class='ocrx_word' id='word_1_297' title='bbox 619 3885 765 3938; x_wconf 80' lang='lat' dir='ltr'><strong>Meneclem</strong></span> <span class='ocrx_word' id='word_1_298' title='bbox 784 3900 809 3939; x_wconf 90' lang='lat' dir='ltr'><strong>et</strong></span> <span class='ocrx_word' id='word_1_299' title='bbox 833 3891 888 3940; x_wconf 86' lang='lat' dir='ltr'><strong>eius</strong></span> <span class='ocrx_word' id='word_1_300' title='bbox 899 3887 1019 3960; x_wconf 84' lang='lat' dir='ltr'><strong>fratrem</strong></span> <span class='ocrx_word' id='word_1_301' title='bbox 1038 3889 1203 3956; x_wconf 81' lang='lat' dir='ltr'><strong>Hieroclem,</strong></span> <span class='ocrx_word' id='word_1_302' title='bbox 1222 3908 1286 3959; x_wconf 81' lang='lat' dir='ltr'><strong>quoe</strong></span> 
     </span>
     <span class='ocr_line' id='line_1_41' title="bbox 211 3952 702 4020; baseline 0.014 -22"><span class='ocrx_word' id='word_1_303' title='bbox 211 3967 259 4020; x_wconf 76' lang='lat' dir='ltr'><strong>ego</strong></span> <span class='ocrx_word' id='word_1_304' title='bbox 273 3952 377 4016; x_wconf 82' lang='lat' dir='ltr'><strong>audivi,</strong></span> <span class='ocrx_word' id='word_1_305' title='bbox 397 3961 455 4000; x_wconf 83' lang='lat' dir='ltr'><strong>toto</strong></span> <span class='ocrx_word' id='word_1_306' title='bbox 470 3953 591 4004; x_wconf 88' lang='lat' dir='ltr'><strong>imitetur</strong></span> <span class='ocrx_word' id='word_1_307' title='bbox 603 3956 702 4004; x_wconf 54' lang='lat' dir='ltr'><strong>‘tuisf‘</strong></span> 
     </span>
    </p>

    <p class='ocr_par' dir='ltr' id='par_1_20' title="bbox 246 4021 897 4095">
     <span class='ocr_line' id='line_1_42' title="bbox 246 4021 897 4095; baseline 0.011 -27"><span class='ocrx_word' id='word_1_308' title='bbox 246 4036 304 4068; x_wconf 86' lang='lat' dir='ltr'><strong>mea</strong></span> <span class='ocrx_word' id='word_1_309' title='bbox 318 4021 463 4084; x_wconf 86' lang='lat' dir='ltr'><strong>sententia]</strong></span> <span class='ocrx_word' id='word_1_310' title='bbox 483 4039 539 4071; x_wconf 78' lang='lat' dir='ltr'><strong>mea</strong></span> <span class='ocrx_word' id='word_1_311' title='bbox 555 4025 656 4089; x_wconf 85' lang='lat' dir='ltr'><strong>quidem</strong></span> <span class='ocrx_word' id='word_1_312' title='bbox 670 4035 734 4081; x_wconf 80' lang='lat' dir='ltr'><strong>sent,</strong></span> <span class='ocrx_word' id='word_1_313' title='bbox 749 4026 897 4095; x_wconf 77' lang='lat' dir='ltr'><strong>mg.1578.</strong></span> 
     </span>
    </p>

    <p class='ocr_par' dir='ltr' id='par_1_21' title="bbox 237 4086 714 4157">
     <span class='ocr_line' id='line_1_43' title="bbox 237 4086 714 4157; baseline 0.019 -21"><span class='ocrx_word' id='word_1_314' title='bbox 237 4086 335 4154; x_wconf 71' lang='lat' dir='ltr'><strong>sirmis</strong></span> <span class='ocrx_word' id='word_1_315' title='bbox 349 4089 488 4157; x_wconf 81' lang='lat' dir='ltr'><strong>ueritatis]</strong></span> <span class='ocrx_word' id='word_1_316' title='bbox 506 4094 645 4142; x_wconf 81' lang='lat' dir='ltr'><strong>varietatis</strong></span> <span class='ocrx_word' id='word_1_317' title='bbox 661 4094 714 4146; x_wconf 87' lang='lat' dir='ltr'><strong>Dr.</strong></span> 
     </span>
    </p>

    <p class='ocr_par' dir='ltr' id='par_1_22' title="bbox 245 4154 570 4222">
     <span class='ocr_line' id='line_1_44' title="bbox 245 4154 570 4222; baseline 0 -17"><span class='ocrx_word' id='word_1_318' title='bbox 245 4154 382 4222; x_wconf 73' lang='lat' dir='ltr'><strong>vestietus]</strong></span> <span class='ocrx_word' id='word_1_319' title='bbox 402 4159 498 4206; x_wconf 76' lang='lat' dir='ltr'><strong>veritus</strong></span> <span class='ocrx_word' id='word_1_320' title='bbox 518 4160 570 4212; x_wconf 78' lang='lat' dir='ltr'><strong>Dr,</strong></span> 
     </span>
    </p>
   </div>
   <div class='ocr_carea' id='block_1_6' title="bbox 245 4225 1077 4305">
    <p class='ocr_par' dir='ltr' id='par_1_23' title="bbox 245 4225 1077 4305">
     <span class='ocr_line' id='line_1_45' title="bbox 245 4225 1077 4305; baseline 0.013 -29"><span class='ocrx_word' id='word_1_321' title='bbox 245 4227 348 4278; x_wconf 81' lang='lat' dir='ltr'><strong>verbnm</strong></span> <span class='ocrx_word' id='word_1_322' title='bbox 363 4225 404 4289; x_wconf 79' lang='lat' dir='ltr'><strong>itp</strong></span> <span class='ocrx_word' id='word_1_323' title='bbox 422 4226 517 4295; x_wconf 72' lang='lat' dir='ltr'><strong>troii]</strong></span> <span class='ocrx_word' id='word_1_324' title='bbox 539 4244 595 4284; x_wconf 83' lang='lat' dir='ltr'><strong>orn.</strong></span> <span class='ocrx_word' id='word_1_325' title='bbox 610 4232 715 4285; x_wconf 72' lang='lat' dir='ltr'><strong>verdum</strong></span> <span class='ocrx_word' id='word_1_326' title='bbox 728 4232 797 4288; x_wconf 66' lang='lat' dir='ltr'><strong>Vens</strong></span> <span class='ocrx_word' id='word_1_327' title='bbox 807 4240 834 4296; x_wconf 81' lang='lat'><strong>2.</strong></span> <span class='ocrx_word' id='word_1_328' title='bbox 845 4260 881 4273; x_wconf 91' lang='lat'><strong>·-</strong></span> <span class='ocrx_word' id='word_1_329' title='bbox 897 4230 1077 4305; x_wconf 66' lang='lat' dir='ltr'><strong>traiciut‘Yit.</strong></span> 
     </span>
    </p>
   </div>
   <div class='ocr_carea' id='block_1_7' title="bbox 0 0 1370 5018">
    <p class='ocr_par' dir='ltr' id='par_1_24' title="bbox 0 0 1370 5018">
     <span class='ocr_line' id='line_1_46' title="bbox 0 0 1370 5018; baseline 0 0"><span class='ocrx_word' id='word_1_330' title='bbox 0 0 1370 5018; x_wconf 95' lang='lat' dir='ltr'><strong> </strong></span> 
     </span>
    </p>
   </div>
  </div>
 </body>
</html>
