2692 5018
159 267 199 328 10
515 236 517 240 “
592 251 812 320 oneror

158 434 221 476 nec
250 406 413 496 copiosius
437 407 480 472 de
509 406 638 494 mugnis
668 407 836 494 variisque
858 405 959 471 rebus
980 404 1053 470 sine
1081 403 1244 493 philoso-

103 519 136 576 15
156 512 233 600 phia
252 514 361 598 potest
378 509 556 594 quisquam
576 509 704 589 dicere,
726 508 891 594 siquidem
912 508 1014 573 etiam
1030 507 1067 572 in
1082 507 1245 575 Phaedro

156 612 304 680 Platonis
335 616 401 678 hoe
429 612 592 678 Periclem
617 613 819 699 praestitisse
844 611 962 677 ceteris
982 611 1063 676 dicit
1088 611 1244 677 oratori·

155 716 217 781 bus
233 713 400 794 Socrates,
423 715 512 803 quod
530 714 557 779 is
572 715 798 801 Anaxagorae
814 712 943 801 physici
956 713 1060 779 fuerit
1078 712 1244 781 auditor:

155 843 176 884 a
206 841 273 904 quo
302 828 415 882 censet
451 839 547 895 eum,
590 839 669 882 cum
706 817 771 881 alia
802 816 973 903 praeclara
1003 815 1178 901 quaedam
1213 826 1245 881 et

155 919 331 1006 magnifica
346 918 532 1000 didicisset,
553 916 691 982 uberem
710 931 744 983 et
760 916 946 983 secuudum
962 915 1075 997 fuisse,
1098 941 1244 983 narum·

156 1046 223 1107 que
254 1022 354 1106 (quod
385 1032 434 1084 est
462 1020 671 1106 eloquentiae
699 1020 903 1097 maximum)
930 1020 1052 1104 quibus
1074 1021 1243 1087 orationis

154 1123 265 1191 modis
293 1144 447 1209 quaeque
476 1122 667 1187 animorum
699 1135 810 1209 partes
844 1123 1058 1208 pellerentur.
1134 1123 1244 1211 Quod

154 1226 244 1291 idem
266 1225 308 1289 de
330 1225 558 1290 Demosthene
579 1224 765 1290 existimari
785 1236 909 1310 potest,
931 1224 1025 1289 cuius
1047 1249 1091 1290 ex
1110 1226 1243 1314 episto-

155 1330 195 1393 lis
218 1327 359 1414 intelligi
379 1326 473 1406 licet,
496 1349 597 1409 quam
616 1325 772 1412 frequens
793 1326 896 1390 fuerit
915 1326 1062 1392 Platonis
1087 1330 1242 1395 auditor.

102 1443 135 1496 16
154 1432 220 1498 Nec
247 1453 329 1494 vero
357 1429 428 1492 sine
460 1429 740 1514 philosophorum
769 1427 944 1514 disciplina
965 1451 1068 1512 genus
1095 1441 1132 1494 et
1162 1452 1242 1517 spe-

126 1556 129 1563 ·
156 1534 242 1596 ciem
265 1532 424 1616 cuiusque
446 1532 495 1596 rei
515 1554 669 1611 cernere,
692 1553 801 1614 neque
823 1553 896 1596 eam
916 1530 1110 1597 deliniendo
1127 1533 1240 1620 expli-

155 1656 240 1714 care,
263 1655 325 1697 nec
341 1634 489 1697 tribucre
504 1633 539 1697 in
553 1645 665 1719 partes
683 1656 877 1718 pessumum
898 1655 962 1698 nec·
974 1633 1140 1715 iudicare,
1153 1657 1240 1722 quae

155 1755 253 1806 vera,
278 1755 363 1818 quae
381 1735 465 1800 falsa
483 1737 568 1815 sint3
591 1757 700 1820 neque
726 1758 863 1800 cernere
886 1737 1146 1819 consequentia,
1186 1760 1239 1802 re-

155 1839 339 1922 pugnantia
372 1839 503 1917 videre,
537 1838 694 1918 ambigua
719 1837 932 1921 distinguere.
985 1837 1080 1922 Quid
1114 1838 1238 1919 dicam,

154 1938 196 2000 dc
217 1949 335 2003 natura
359 1961 492 2011 rerum,
518 1938 611 2003 cuius
628 1939 773 2023 cognitio
791 1961 947 2024 magnam
967 1939 1139 2005 credonis
1156 1964 1237 2028 sup·

153 2037 280 2126 peditat
302 2039 451 2126 copiam,
475 2041 516 2104 de
539 2041 621 2121 vita,
645 2042 686 2104 de
701 2041 833 2118 officiis,
856 2042 897 2104 de
917 2040 1063 2120 virtute,
1092 2040 1138 2104 de
1161 2064 1237 2107 mo-

152 2140 246 2206 ribus
267 2140 338 2206 sine
368 2145 474 2208 multa
501 2167 613 2209 earum
640 2145 789 2235 ipsarum
822 2165 938 2207 rerum
967 2142 1149 2230 disciplina
1185 2155 1237 2210 aut

153 2339 360 2355 w

176 2496 180 2504 ·
222 2469 262 2522 15.
298 2471 323 2520 si
341 2471 444 2539 (pridem
461 2499 494 2511 -·
511 2473 596 2538 dicit]
624 2473 697 2522 dicat
718 2469 776 2529 vit.
801 2471 854 2522 Dr.
878 2469 946 2521 Ven.
968 2470 992 2523 1.
1014 2469 1039 2522 2.
1066 2466 1155 2524 Med.
1176 2471 1237 2524 Tul.

151 2539 229 2590 tunt.
242 2568 277 2578 —
291 2542 315 2589 si
325 2542 388 2608 quid
396 2541 467 2591 Kob.
483 2559 501 2588 a
514 2541 629 2592 Phaedro
641 2541 712 2600 Koh,
725 2567 763 2580 --
780 2537 897 2589 Periclen
905 2539 956 2589 Dr.
975 2537 1030 2588 Gu.
1039 2536 1065 2591 3.
1088 2539 1165 2606 Qut.
1175 2541 1238 2606 ΧΠ,

150 2609 179 2670 2,
192 2609 236 2660 22.
254 2609 408 2675 „Siquidem
422 2620 448 2658 et
463 2609 587 2660 Periclem
599 2638 633 2648 -
647 2613 829 2675 Ancxcgorae
841 2607 946 2674 physici
961 2617 1064 2656 constat
1084 2610 1239 2660 auditorem

141 2675 236 2742 juisse
250 2689 276 2727 et
291 2677 502 2740 Demosthenem,
524 2681 667 2746 principem
682 2681 793 2727 omnium
808 2678 937 2726 Graeciae
950 2687 1103 2744 oratorum,
1131 2680 1239 2730 dedisce

150 2762 256 2812 operam
268 2746 399 2796 Placatur
429 2748 461 2796 V.
475 2747 546 2797 Pht.
561 2747 678 2799 Plraedr.
693 2764 720 2815 p.
737 2747 779 2799 87.
798 2743 886 2796 Bekk.

185 2814 323 2864 didicisset
331 2816 343 2880 ]
362 2816 501 2865 dedicisset
519 2817 571 2869 Dr.
589 2844 623 2855 -
641 2818 781 2878 didicisse,
800 2825 854 2863 tum
867 2813 968 2862 uberem
982 2810 1047 2862 Sch.

179 2881 340 2952 secundum]
359 2886 498 2934 secundun
512 2885 583 2941 Kob.
599 2884 797 2955 -facundum
814 2884 881 2936 Ven.
903 2883 928 2934 2.
947 2879 1011 2933 Tul.

186 2957 341 3020 narurnque]
362 2953 407 3002 Sic
416 2969 488 3005 ursus
497 2955 595 3010 Lemb.
604 2953 640 3008 cl.
650 2971 673 3006 c.
683 2952 725 3009 47.
735 2949 886 3005 Schneider
896 2950 960 3004 Lat.
969 2949 1019 3001 Gr.
1027 2950 1050 3016 1,
1059 2953 1087 3006 2.
1096 2968 1126 3022 p.
1136 2953 1237 3011 487.-

150 3035 313 3089 gnnrumque
326 3021 428 3075 Ceteri.
444 3050 480 3071 ·-.-
497 3026 669 3091 ignarumque
684 3024 699 3074 J
702 3033 760 3076 unt.
778 3024 804 3075 1.

185 3093 254 3156 quod
266 3102 304 3140 eet
320 3090 489 3160 eloquentiae]
510 3108 564 3142 om.
581 3105 618 3141 est
629 3094 681 3144 Dr.

181 3161 274 3226 quidue
287 3160 431 3228 orationis]
449 3163 562 3211 oratorie
579 3162 647 3212 Ven.
664 3163 689 3213 1.

183 3228 357 3297 pellerentur]
375 3228 567 3296 impellerentur
578 3229 640 3280 Ald.
654 3232 681 3284 2.

183 3317 218 3354 cx
232 3298 366 3366 epistolis]
385 3298 506 3366 epistulis
520 3295 745 3366 Dr.-exemplie
757 3296 921 3363 Vit.mg.cx
934 3297 1009 3356 eptie.
1027 3294 1060 3347 V.
1074 3294 1165 3360 epist.
1181 3298 1234 3350 He·

148 3367 315 3418 racleodoro
329 3366 510 3436 inscriptam,
529 3384 601 3437 quae
615 3374 657 3419 est
669 3366 768 3435 quinta
781 3367 810 3417 in
823 3366 889 3416 edit.
905 3364 1023 3416 Bekkeri
1037 3365 1072 3415 T.
1080 3367 1114 3421 V.
1136 3383 1168 3438 p,
1177 3370 1233 3424 647.

219 3471 261 3524 16.
280 3489 359 3538 neque
370 3469 444 3538 eam]
462 3489 573 3538 nequam
585 3471 655 3521 Ven.
672 3472 697 3524 l.
716 3497 749 3507 -
769 3486 825 3523 om.
839 3488 897 3519 eam
910 3469 977 3520 Ven.
991 3471 1017 3521 2.
1037 3467 1103 3520 Tul.

181 3539 290 3607 partes]
307 3543 396 3605 partis
412 3541 488 3590 Crat.
514 3559 560 3592 nec
572 3558 655 3609 genus
669 3540 779 3590 tribuere
794 3542 822 3589 in
835 3541 936 3607 parteis
951 3553 1008 3605 mg.
1027 3537 1174 3595 Gothofr.

183 3611 301 3668 cernere]
321 3628 421 3657 censere
433 3610 514 3660 Mon.

184 3677 329 3742 orationis]
351 3678 405 3729 Vit.
422 3680 474 3730 Dr.
489 3677 549 3729 Ald.
559 3680 583 3731 1.
593 3678 782 3732 Venerunt.
795 3678 874 3727 Mon.
889 3675 920 3727 L.
930 3673 980 3727 Or.
996 3674 1116 3724 orationi
1133 3676 1230 3733 Alta

149 3744 297 3811 Gryph2.
317 3745 382 3797 Sch.
398 3748 425 3802 2.
450 3750 563 3798 oratorie
578 3748 681 3803 Ven.l.
706 3746 783 3798 Med.
800 3747 898 3796 oratori
913 3745 980 3796 Em.
997 3742 1079 3793 Klein
1100 3744 1230 3800 Miscell.

149 3815 219 3892 crit.
237 3818 261 3868 1.
285 3831 313 3882 p·
329 3813 389 3870 504.
425 3818 527 3869 Nostra
543 3824 636 3869 autem
650 3814 735 3868 lectio
755 3815 827 3867 bene
843 3830 875 3867 se
891 3812 974 3866 hebet
990 3827 1083 3881 neque
1097 3828 1178 3882 opus
1194 3823 1230 3868 est

147 3891 327 3938 (contectura.¹

179 3951 340 4020 suppeditet]
359 3967 477 4021 suppetat
492 3953 547 4006 Vit.
562 3956 585 4006 1.
603 3971 643 4005 m.

182 4024 214 4072 de
227 4023 301 4088 vitu,
321 4026 351 4071 de
367 4023 487 4092 officiis]
507 4027 538 4072 de
550 4021 652 4091 officiis
665 4023 697 4072 de
710 4023 765 4071 vita
780 4023 831 4074 Dr.

182 4089 266 4140 rnulta
280 4110 368 4141 cerum
381 4097 496 4162 ipsarum
512 4095 619 4160 rerum]
638 4090 781 4148 multarum
793 4108 879 4143 rerum
885 4088 952 4141 Ven.
967 4089 991 4143 1.
999 4085 1077 4143 Med·
1087 4088 1159 4148 Aac.
1172 4108 1226 4145 ont.

52 4205 55 4212 .
148 4177 237 4210 earum
251 4161 331 4211 Mon.

128 4276 131 4281 .
181 4231 249 4299 dier]
267 4230 336 4280 disci
351 4232 433 4286 Mon.
