<?xml version="1.0" encoding="UTF-8"?>
<!DOCTYPE html PUBLIC "-//W3C//DTD XHTML 1.0 Transitional//EN"
    "http://www.w3.org/TR/xhtml1/DTD/xhtml1-transitional.dtd">
<html xmlns="http://www.w3.org/1999/xhtml" xml:lang="en" lang="en">
 <head>
  <title>
</title>
<meta http-equiv="Content-Type" content="text/html;charset=utf-8" />
  <meta name='ocr-system' content='tesseract 3.04.00' />
  <meta name='ocr-capabilities' content='ocr_page ocr_carea ocr_par ocr_line ocrx_word'/>
</head>
<body>
  <div class='ocr_page' id='page_1' title='image "./mtulliiciceroni00cicegoog_0019.png"; bbox 0 0 2692 5018; ppageno 0'>
   <div class='ocr_carea' id='block_1_1' title="bbox 420 280 854 338">
    <p class='ocr_par' dir='ltr' id='par_1_1' title="bbox 420 280 854 338">
     <span class='ocr_line' id='line_1_1' title="bbox 420 280 854 338; baseline -0.002 0"><span class='ocrx_word' id='word_1_1' title='bbox 420 280 854 338; x_wconf 66' lang='lat' dir='ltr'><strong>ruorscltu-ut</strong></span> 
     </span>
    </p>
   </div>
   <div class='ocr_carea' id='block_1_2' title="bbox 186 445 1187 840">
    <p class='ocr_par' dir='ltr' id='par_1_2' title="bbox 186 445 1187 840">
     <span class='ocr_line' id='line_1_2' title="bbox 186 445 1185 533; baseline -0.013 -17"><span class='ocrx_word' id='word_1_2' title='bbox 186 454 286 523; x_wconf 78' lang='lat' dir='ltr'><strong>sltem.</strong></span> <span class='ocrx_word' id='word_1_3' title='bbox 307 455 403 516; x_wconf 82' lang='lat' dir='ltr'><strong>forma</strong></span> <span class='ocrx_word' id='word_1_4' title='bbox 419 446 624 533; x_wconf 72' lang='lat' dir='ltr'><em>prudentum:</em></span> <span class='ocrx_word' id='word_1_5' title='bbox 646 467 706 528; x_wconf 90' lang='lat' dir='ltr'><strong>qua</strong></span> <span class='ocrx_word' id='word_1_6' title='bbox 727 445 823 505; x_wconf 78' lang='lat' dir='ltr'><strong>sicubi</strong></span> <span class='ocrx_word' id='word_1_7' title='bbox 845 455 949 507; x_wconf 87' lang='lat' dir='ltr'><strong>utatur</strong></span> <span class='ocrx_word' id='word_1_8' title='bbox 972 446 1094 521; x_wconf 86' lang='lat' dir='ltr'><strong>Cicero,</strong></span> <span class='ocrx_word' id='word_1_9' title='bbox 1123 465 1185 504; x_wconf 87' lang='lat' dir='ltr'><strong>nu·</strong></span> 
     </span>
     <span class='ocr_line' id='line_1_3' title="bbox 187 553 1186 642; baseline -0.013 -18"><span class='ocrx_word' id='word_1_10' title='bbox 187 565 261 624; x_wconf 88' lang='lat' dir='ltr'><strong>meri</strong></span> <span class='ocrx_word' id='word_1_11' title='bbox 282 563 375 642; x_wconf 77' lang='lat' dir='ltr'><strong>magis</strong></span> <span class='ocrx_word' id='word_1_12' title='bbox 397 569 428 622; x_wconf 87' lang='lat' dir='ltr'><strong>et</strong></span> <span class='ocrx_word' id='word_1_13' title='bbox 449 559 566 620; x_wconf 79' lang='lat' dir='ltr'><strong>aurium</strong></span> <span class='ocrx_word' id='word_1_14' title='bbox 589 576 677 636; x_wconf 87' lang='lat' dir='ltr'><strong>quem</strong></span> <span class='ocrx_word' id='word_1_15' title='bbox 700 554 852 633; x_wconf 74' lang='lat' dir='ltr'><strong>analogiae</strong></span> <span class='ocrx_word' id='word_1_16' title='bbox 873 554 1016 614; x_wconf 86' lang='lat' dir='ltr'><strong>rationem</strong></span> <span class='ocrx_word' id='word_1_17' title='bbox 1036 553 1186 613; x_wconf 86' lang='lat' dir='ltr'><strong>habuisse</strong></span> 
     </span>
     <span class='ocr_line' id='line_1_4' title="bbox 187 661 1187 740; baseline -0.011 -11"><span class='ocrx_word' id='word_1_18' title='bbox 187 670 376 730; x_wconf 80' lang='lat' dir='ltr'><strong>crediderim.</strong></span> <span class='ocrx_word' id='word_1_19' title='bbox 419 663 564 730; x_wconf 72' lang='lat' dir='ltr'><strong>Varronis</strong></span> <span class='ocrx_word' id='word_1_20' title='bbox 592 662 697 737; x_wconf 87' lang='lat' dir='ltr'><strong>loeus,</strong></span> <span class='ocrx_word' id='word_1_21' title='bbox 727 682 787 740; x_wconf 92' lang='lat' dir='ltr'><strong>quo</strong></span> <span class='ocrx_word' id='word_1_22' title='bbox 816 662 931 735; x_wconf 86' lang='lat' dir='ltr'><strong>uteris,</strong></span> <span class='ocrx_word' id='word_1_23' title='bbox 961 681 1066 722; x_wconf 90' lang='lat' dir='ltr'><strong>vereor</strong></span> <span class='ocrx_word' id='word_1_24' title='bbox 1089 661 1187 739; x_wconf 87' lang='lat' dir='ltr'><strong>equi-</strong></span> 
     </span>
     <span class='ocr_line' id='line_1_5' title="bbox 188 769 842 840; baseline -0.012 -2"><span class='ocrx_word' id='word_1_25' title='bbox 188 779 256 840; x_wconf 87' lang='lat' dir='ltr'><strong>dem</strong></span> <span class='ocrx_word' id='word_1_26' title='bbox 280 787 315 838; x_wconf 89' lang='lat' dir='ltr'><strong>ut</strong></span> <span class='ocrx_word' id='word_1_27' title='bbox 335 775 407 836; x_wconf 88' lang='lat' dir='ltr'><strong>satis</strong></span> <span class='ocrx_word' id='word_1_28' title='bbox 429 771 585 835; x_wconf 88' lang='lat' dir='ltr'><strong>commode</strong></span> <span class='ocrx_word' id='word_1_29' title='bbox 602 769 664 829; x_wconf 89' lang='lat' dir='ltr'><strong>huc</strong></span> <span class='ocrx_word' id='word_1_30' title='bbox 684 770 842 830; x_wconf 79' lang='lat' dir='ltr'><strong>reseratur.</strong></span> 
     </span>
    </p>
   </div>
   <div class='ocr_carea' id='block_1_3' title="bbox 62 887 1190 1296">
    <p class='ocr_par' dir='ltr' id='par_1_3' title="bbox 104 887 1188 980">
     <span class='ocr_line' id='line_1_6' title="bbox 104 887 1188 980; baseline -0.015 -21"><span class='ocrx_word' id='word_1_31' title='bbox 104 901 175 980; x_wconf 85' lang='lat' dir='ltr'><strong>Cap.</strong></span> <span class='ocrx_word' id='word_1_32' title='bbox 192 904 221 963; x_wconf 82' lang='lat'><strong>3.</strong></span> <span class='ocrx_word' id='word_1_33' title='bbox 244 895 343 978; x_wconf 72' lang='grc'><strong>512.</strong></span> <span class='ocrx_word' id='word_1_34' title='bbox 365 896 481 956; x_wconf 88' lang='lat' dir='ltr'><strong>mallem</strong></span> <span class='ocrx_word' id='word_1_35' title='bbox 507 893 650 953; x_wconf 86' lang='lat' dir='ltr'><strong>intactam</strong></span> <span class='ocrx_word' id='word_1_36' title='bbox 671 889 842 970; x_wconf 73' lang='lat' dir='ltr'><strong>reliquisses</strong></span> <span class='ocrx_word' id='word_1_37' title='bbox 869 891 1018 966; x_wconf 78' lang='lat' dir='ltr'><strong>vulgatam</strong></span> <span class='ocrx_word' id='word_1_38' title='bbox 1042 887 1188 966; x_wconf 88' lang='lat' dir='ltr'><strong>scriptu-</strong></span> 
     </span>
    </p>

    <p class='ocr_par' dir='ltr' id='par_1_4' title="bbox 62 990 1190 1193">
     <span class='ocr_line' id='line_1_7' title="bbox 62 990 1187 1084; baseline -0.011 -18"><span class='ocrx_word' id='word_1_39' title='bbox 62 990 66 1003; x_wconf 59' lang='grc'><em>’</em></span> <span class='ocrx_word' id='word_1_40' title='bbox 188 1026 253 1065; x_wconf 80' lang='lat' dir='ltr'><strong>rem</strong></span> <span class='ocrx_word' id='word_1_41' title='bbox 283 1005 484 1084; x_wconf 79' lang='lat' dir='ltr'><strong>reliquerunt:</strong></span> <span class='ocrx_word' id='word_1_42' title='bbox 519 1019 609 1080; x_wconf 87' lang='lat' dir='ltr'><strong>quam</strong></span> <span class='ocrx_word' id='word_1_43' title='bbox 642 997 746 1057; x_wconf 86' lang='lat' dir='ltr'><strong>Cicero</strong></span> <span class='ocrx_word' id='word_1_44' title='bbox 775 998 839 1077; x_wconf 86' lang='lat' dir='ltr'><strong>ipse</strong></span> <span class='ocrx_word' id='word_1_45' title='bbox 868 997 1014 1056; x_wconf 83' lang='lat' dir='ltr'><strong>veriorem</strong></span> <span class='ocrx_word' id='word_1_46' title='bbox 1050 993 1187 1074; x_wconf 82' lang='lat' dir='ltr'><strong>putavit.</strong></span> 
     </span>
     <span class='ocr_line' id='line_1_8' title="bbox 188 1100 1190 1193; baseline -0.014 -22"><span class='ocrx_word' id='word_1_47' title='bbox 188 1110 258 1175; x_wconf 75' lang='lat' dir='ltr'><strong>vid.</strong></span> <span class='ocrx_word' id='word_1_48' title='bbox 280 1132 351 1193; x_wconf 86' lang='lat' dir='ltr'><strong>cop.</strong></span> <span class='ocrx_word' id='word_1_49' title='bbox 367 1107 480 1190; x_wconf 38' lang='grc'><strong>47.,5.</strong></span> <span class='ocrx_word' id='word_1_50' title='bbox 498 1108 570 1174; x_wconf 82' lang='lat'><strong>157.</strong></span> <span class='ocrx_word' id='word_1_51' title='bbox 591 1104 643 1167; x_wconf 86' lang='lat' dir='ltr'><strong>ubi</strong></span> <span class='ocrx_word' id='word_1_52' title='bbox 665 1104 748 1185; x_wconf 84' lang='lat' dir='ltr'><strong>quod</strong></span> <span class='ocrx_word' id='word_1_53' title='bbox 770 1105 844 1167; x_wconf 88' lang='lat' dir='ltr'><strong>dicit</strong></span> <span class='ocrx_word' id='word_1_54' title='bbox 865 1100 1075 1173; x_wconf 83' lang='lat' dir='ltr'><strong>consuetudini</strong></span> <span class='ocrx_word' id='word_1_55' title='bbox 1097 1102 1190 1160; x_wconf 90' lang='lat' dir='ltr'><strong>auri-</strong></span> 
     </span>
    </p>

    <p class='ocr_par' dir='ltr' id='par_1_5' title="bbox 187 1210 1188 1296">
     <span class='ocr_line' id='line_1_9' title="bbox 187 1210 1188 1296; baseline -0.01 -18"><span class='ocrx_word' id='word_1_56' title='bbox 187 1219 244 1280; x_wconf 89' lang='lat' dir='ltr'><strong>bus</strong></span> <span class='ocrx_word' id='word_1_57' title='bbox 257 1217 425 1296; x_wconf 76' lang='lat' dir='ltr'><strong>indulgenti</strong></span> <span class='ocrx_word' id='word_1_58' title='bbox 439 1236 471 1276; x_wconf 87' lang='lat' dir='ltr'><strong>se</strong></span> <span class='ocrx_word' id='word_1_59' title='bbox 485 1215 613 1275; x_wconf 88' lang='lat' dir='ltr'><strong>libenter</strong></span> <span class='ocrx_word' id='word_1_60' title='bbox 629 1212 765 1294; x_wconf 87' lang='lat' dir='ltr'><strong>obsequi,</strong></span> <span class='ocrx_word' id='word_1_61' title='bbox 787 1210 920 1272; x_wconf 78' lang='lat' dir='ltr'><strong>adhunc</strong></span> <span class='ocrx_word' id='word_1_62' title='bbox 939 1211 1061 1293; x_wconf 89' lang='lat' dir='ltr'><strong>quidem</strong></span> <span class='ocrx_word' id='word_1_63' title='bbox 1077 1211 1188 1271; x_wconf 88' lang='lat' dir='ltr'><strong>locum</strong></span> 
     </span>
    </p>
   </div>
   <div class='ocr_carea' id='block_1_4' title="bbox 189 1321 1168 1435">
    <p class='ocr_par' dir='ltr' id='par_1_6' title="bbox 189 1321 1168 1435">
     <span class='ocr_line' id='line_1_10' title="bbox 189 1321 1168 1435; baseline -0.018 -47"><span class='ocrx_word' id='word_1_64' title='bbox 189 1327 288 1388; x_wconf 85' lang='lat' dir='ltr'><strong>minus</strong></span> <span class='ocrx_word' id='word_1_65' title='bbox 309 1324 431 1390; x_wconf 88' lang='lat' dir='ltr'><strong>videtur</strong></span> <span class='ocrx_word' id='word_1_66' title='bbox 451 1321 613 1410; x_wconf 87' lang='lat' dir='ltr'><strong>pertinere.</strong></span> <span class='ocrx_word' id='word_1_67' title='bbox 1156 1392 1168 1435; x_wconf 33' lang='lat' dir='ltr'>x</span> 
     </span>
    </p>
   </div>
   <div class='ocr_carea' id='block_1_5' title="bbox 108 1461 1195 3603">
    <p class='ocr_par' dir='ltr' id='par_1_7' title="bbox 108 1461 1195 3603">
     <span class='ocr_line' id='line_1_11' title="bbox 108 1461 1144 1546; baseline -0.003 -23"><span class='ocrx_word' id='word_1_68' title='bbox 108 1463 181 1546; x_wconf 87' lang='lat' dir='ltr'><strong>Cap.</strong></span> <span class='ocrx_word' id='word_1_69' title='bbox 203 1470 233 1531; x_wconf 80' lang='grc'><strong>4.</strong></span> <span class='ocrx_word' id='word_1_70' title='bbox 255 1461 351 1546; x_wconf 75' lang='grc'><strong>515.</strong></span> <span class='ocrx_word' id='word_1_71' title='bbox 374 1466 475 1525; x_wconf 88' lang='lat' dir='ltr'><strong>nescio</strong></span> <span class='ocrx_word' id='word_1_72' title='bbox 498 1485 535 1524; x_wconf 91' lang='lat' dir='ltr'><strong>an</strong></span> <span class='ocrx_word' id='word_1_73' title='bbox 556 1462 738 1525; x_wconf 83' lang='lat' dir='ltr'><strong>restituendo</strong></span> <span class='ocrx_word' id='word_1_74' title='bbox 759 1461 851 1521; x_wconf 88' lang='lat' dir='ltr'><strong>suerit</strong></span> <span class='ocrx_word' id='word_1_75' title='bbox 870 1461 968 1520; x_wconf 79' lang='lat' dir='ltr'><strong>forma</strong></span> <span class='ocrx_word' id='word_1_76' title='bbox 989 1464 1144 1525; x_wconf 80' lang='lat' dir='ltr'><strong>Periclen.</strong></span> 
     </span>
     <span class='ocr_line' id='line_1_12' title="bbox 109 1590 1187 1675; baseline 0 -23"><span class='ocrx_word' id='word_1_77' title='bbox 109 1594 182 1675; x_wconf 87' lang='lat' dir='ltr'><strong>Cup.</strong></span> <span class='ocrx_word' id='word_1_78' title='bbox 196 1599 227 1658; x_wconf 85' lang='lat'><strong>7.</strong></span> <span class='ocrx_word' id='word_1_79' title='bbox 250 1590 277 1674; x_wconf 79' lang='lat'><strong>§.</strong></span> <span class='ocrx_word' id='word_1_80' title='bbox 293 1601 343 1660; x_wconf 81' lang='lat'><strong>23.</strong></span> <span class='ocrx_word' id='word_1_81' title='bbox 369 1605 450 1657; x_wconf 86' lang='lat' dir='ltr'><strong>recte</strong></span> <span class='ocrx_word' id='word_1_82' title='bbox 471 1604 557 1655; x_wconf 89' lang='lat' dir='ltr'><strong>notas</strong></span> <span class='ocrx_word' id='word_1_83' title='bbox 577 1593 732 1652; x_wconf 86' lang='lat' dir='ltr'><strong>insuavem</strong></span> <span class='ocrx_word' id='word_1_84' title='bbox 751 1590 882 1651; x_wconf 88' lang='lat' dir='ltr'><strong>eiusdem</strong></span> <span class='ocrx_word' id='word_1_85' title='bbox 901 1595 965 1652; x_wconf 91' lang='lat' dir='ltr'><strong>soni</strong></span> <span class='ocrx_word' id='word_1_86' title='bbox 981 1593 1187 1653; x_wconf 77' lang='lat' dir='ltr'><strong>iterationem.</strong></span> 
     </span>
     <span class='ocr_line' id='line_1_13' title="bbox 194 1698 1188 1785; baseline 0.003 -28"><span class='ocrx_word' id='word_1_87' title='bbox 194 1698 253 1758; x_wconf 83' lang='lat' dir='ltr'><strong>Sed</strong></span> <span class='ocrx_word' id='word_1_88' title='bbox 284 1721 360 1781; x_wconf 78' lang='lat' dir='ltr'><strong>quse</strong></span> <span class='ocrx_word' id='word_1_89' title='bbox 386 1713 543 1782; x_wconf 88' lang='lat' dir='ltr'><strong>praeterea</strong></span> <span class='ocrx_word' id='word_1_90' title='bbox 575 1718 789 1785; x_wconf 83' lang='lat' dir='ltr'><strong>commemoras</strong></span> <span class='ocrx_word' id='word_1_91' title='bbox 820 1700 974 1778; x_wconf 84' lang='lat' dir='ltr'><strong>exempla,</strong></span> <span class='ocrx_word' id='word_1_92' title='bbox 1002 1702 1039 1762; x_wconf 88' lang='lat' dir='ltr'><strong>de</strong></span> <span class='ocrx_word' id='word_1_93' title='bbox 1060 1702 1098 1762; x_wconf 89' lang='lat' dir='ltr'><strong>iis</strong></span> <span class='ocrx_word' id='word_1_94' title='bbox 1124 1723 1188 1764; x_wconf 89' lang='lat' dir='ltr'><strong>nou</strong></span> 
     </span>
     <span class='ocr_line' id='line_1_14' title="bbox 192 1805 1189 1891; baseline 0.003 -26"><span class='ocrx_word' id='word_1_95' title='bbox 192 1809 347 1886; x_wconf 87' lang='lat' dir='ltr'><strong>puto&#39;tibi</strong></span> <span class='ocrx_word' id='word_1_96' title='bbox 368 1809 591 1871; x_wconf 77' lang='lat' dir='ltr'><strong>adsentiendum</strong></span> <span class='ocrx_word' id='word_1_97' title='bbox 614 1827 687 1869; x_wconf 87' lang='lat' dir='ltr'><strong>esse.</strong></span> <span class='ocrx_word' id='word_1_98' title='bbox 730 1805 805 1865; x_wconf 89' lang='lat' dir='ltr'><strong>Nam</strong></span> <span class='ocrx_word' id='word_1_99' title='bbox 834 1807 915 1886; x_wconf 89' lang='lat' dir='ltr'><strong>quod</strong></span> <span class='ocrx_word' id='word_1_100' title='bbox 935 1818 981 1868; x_wconf 89' lang='lat' dir='ltr'><strong>est</strong></span> <span class='ocrx_word' id='word_1_101' title='bbox 1001 1807 1106 1891; x_wconf 85' lang='grc'><strong>541.</strong></span> <span class='ocrx_word' id='word_1_102' title='bbox 1136 1810 1189 1886; x_wconf 84' lang='lat' dir='ltr'><strong>vel</strong></span> 
     </span>
     <span class='ocr_line' id='line_1_15' title="bbox 192 1912 1188 1996; baseline 0.006 -25"><span class='ocrx_word' id='word_1_103' title='bbox 192 1913 442 1996; x_wconf 81' lang='lat' dir='ltr'><strong>interpunctionis</strong></span> <span class='ocrx_word' id='word_1_104' title='bbox 471 1917 548 1977; x_wconf 87' lang='lat' dir='ltr'><strong>ratio</strong></span> <span class='ocrx_word' id='word_1_105' title='bbox 577 1915 649 1975; x_wconf 83' lang='lat' dir='ltr'><strong>satis</strong></span> <span class='ocrx_word' id='word_1_106' title='bbox 671 1912 802 1972; x_wconf 86' lang='lat' dir='ltr'><strong>ostendit</strong></span> <span class='ocrx_word' id='word_1_107' title='bbox 823 1914 950 1973; x_wconf 89' lang='lat' dir='ltr'><strong>alienum</strong></span> <span class='ocrx_word' id='word_1_108' title='bbox 972 1937 1035 1976; x_wconf 82' lang='lat' dir='ltr'><strong>esse</strong></span> <span class='ocrx_word' id='word_1_109' title='bbox 1059 1926 1090 1977; x_wconf 88' lang='lat' dir='ltr'><strong>et</strong></span> <span class='ocrx_word' id='word_1_110' title='bbox 1114 1939 1188 1976; x_wconf 91' lang='lat' dir='ltr'><strong>oon-</strong></span> 
     </span>
     <span class='ocr_line' id='line_1_16' title="bbox 194 2020 1189 2105; baseline 0.004 -26"><span class='ocrx_word' id='word_1_111' title='bbox 194 2023 327 2087; x_wconf 85' lang='lat' dir='ltr'><strong>trarium.</strong></span> <span class='ocrx_word' id='word_1_112' title='bbox 372 2025 507 2085; x_wconf 81' lang='lat' dir='ltr'><strong>Alterum</strong></span> <span class='ocrx_word' id='word_1_113' title='bbox 527 2021 557 2104; x_wconf 86' lang='grc'><strong>5.</strong></span> <span class='ocrx_word' id='word_1_114' title='bbox 576 2026 627 2089; x_wconf 80' lang='grc'><strong>39.</strong></span> <span class='ocrx_word' id='word_1_115' title='bbox 657 2020 877 2081; x_wconf 85' lang='lat' dir='ltr'><strong>excusationem</strong></span> <span class='ocrx_word' id='word_1_116' title='bbox 902 2022 994 2084; x_wconf 87' lang='lat' dir='ltr'><strong>habet</strong></span> <span class='ocrx_word' id='word_1_117' title='bbox 1015 2046 1031 2082; x_wconf 88' lang='lat' dir='ltr'><strong>a</strong></span> <span class='ocrx_word' id='word_1_118' title='bbox 1051 2025 1189 2105; x_wconf 84' lang='lat' dir='ltr'><strong>propriis</strong></span> 
     </span>
     <span class='ocr_line' id='line_1_17' title="bbox 195 2114 1189 2205; baseline 0.003 -18"><span class='ocrx_word' id='word_1_119' title='bbox 195 2115 374 2189; x_wconf 76' lang='lat' dir='ltr'><strong>nominibus.</strong></span> <span class='ocrx_word' id='word_1_120' title='bbox 404 2114 479 2187; x_wconf 78' lang='lat' dir='ltr'><strong>&#39;s&#39;ed</strong></span> <span class='ocrx_word' id='word_1_121' title='bbox 500 2147 538 2187; x_wconf 90' lang='lat' dir='ltr'><strong>ne</strong></span> <span class='ocrx_word' id='word_1_122' title='bbox 558 2126 681 2188; x_wconf 88' lang='lat' dir='ltr'><strong>tertium</strong></span> <span class='ocrx_word' id='word_1_123' title='bbox 703 2126 825 2205; x_wconf 88' lang='lat' dir='ltr'><strong>quidem</strong></span> <span class='ocrx_word' id='word_1_124' title='bbox 846 2129 945 2190; x_wconf 88' lang='lat' dir='ltr'><strong>locum</strong></span> <span class='ocrx_word' id='word_1_125' title='bbox 970 2131 1076 2190; x_wconf 82' lang='lat' dir='ltr'><strong>afferre</strong></span> <span class='ocrx_word' id='word_1_126' title='bbox 1094 2131 1189 2191; x_wconf 89' lang='lat' dir='ltr'><strong>debe-</strong></span> 
     </span>
     <span class='ocr_line' id='line_1_18' title="bbox 193 2214 1190 2318; baseline 0.007 -27"><span class='ocrx_word' id='word_1_127' title='bbox 193 2234 261 2294; x_wconf 84' lang='lat' dir='ltr'><strong>bas:</strong></span> <span class='ocrx_word' id='word_1_128' title='bbox 288 2236 320 2294; x_wconf 88' lang='lat' dir='ltr'><strong>in</strong></span> <span class='ocrx_word' id='word_1_129' title='bbox 348 2214 408 2316; x_wconf 90' lang='lat' dir='ltr'><strong>quo</strong></span> <span class='ocrx_word' id='word_1_130' title='bbox 437 2256 513 2315; x_wconf 88' lang='lat' dir='ltr'><strong>quae</strong></span> <span class='ocrx_word' id='word_1_131' title='bbox 543 2238 608 2295; x_wconf 86' lang='lat' dir='ltr'><strong>sola</strong></span> <span class='ocrx_word' id='word_1_132' title='bbox 636 2235 667 2293; x_wconf 88' lang='lat' dir='ltr'><strong>in</strong></span> <span class='ocrx_word' id='word_1_133' title='bbox 695 2254 815 2294; x_wconf 89' lang='lat' dir='ltr'><strong>oonsum</strong></span> <span class='ocrx_word' id='word_1_134' title='bbox 836 2237 939 2297; x_wconf 86' lang='lat' dir='ltr'><strong>venire</strong></span> <span class='ocrx_word' id='word_1_135' title='bbox 959 2238 1190 2318; x_wconf 86' lang='lat' dir='ltr'><strong>quodammodo</strong></span> 
     </span>
     <span class='ocr_line' id='line_1_19' title="bbox 195 2343 1188 2421; baseline 0.008 -25"><span class='ocrx_word' id='word_1_136' title='bbox 195 2353 323 2420; x_wconf 80' lang='lat' dir='ltr'><strong>possunt</strong></span> <span class='ocrx_word' id='word_1_137' title='bbox 343 2343 434 2403; x_wconf 84' lang='lat' dir='ltr'><strong>verba</strong></span> <span class='ocrx_word' id='word_1_138' title='bbox 456 2346 599 2420; x_wconf 78' lang='lat' dir='ltr'><strong>exiguum</strong></span> <span class='ocrx_word' id='word_1_139' title='bbox 619 2363 779 2402; x_wconf 85' lang='lat' dir='ltr'><strong>numerum</strong></span> <span class='ocrx_word' id='word_1_140' title='bbox 800 2354 971 2421; x_wconf 84' lang='lat' dir='ltr'><strong>oratorum,</strong></span> <span class='ocrx_word' id='word_1_141' title='bbox 992 2343 1067 2404; x_wconf 88' lang='lat' dir='ltr'><strong>nihil</strong></span> <span class='ocrx_word' id='word_1_142' title='bbox 1087 2346 1188 2404; x_wconf 81' lang='lat' dir='ltr'><strong>offen·</strong></span> 
     </span>
     <span class='ocr_line' id='line_1_20' title="bbox 197 2448 1190 2530; baseline 0.004 -24"><span class='ocrx_word' id='word_1_143' title='bbox 197 2448 286 2525; x_wconf 76' lang='lat' dir='ltr'><strong>(lent,</strong></span> <span class='ocrx_word' id='word_1_144' title='bbox 325 2451 349 2510; x_wconf 86' lang='lat' dir='ltr'><strong>si</strong></span> <span class='ocrx_word' id='word_1_145' title='bbox 379 2471 418 2511; x_wconf 88' lang='lat' dir='ltr'><strong>ex</strong></span> <span class='ocrx_word' id='word_1_146' title='bbox 444 2450 605 2510; x_wconf 87' lang='lat' dir='ltr'><strong>innumeris</strong></span> <span class='ocrx_word' id='word_1_147' title='bbox 632 2452 708 2510; x_wconf 90' lang='lat' dir='ltr'><strong>locis</strong></span> <span class='ocrx_word' id='word_1_148' title='bbox 734 2449 795 2508; x_wconf 89' lang='lat' dir='ltr'><strong>hoc</strong></span> <span class='ocrx_word' id='word_1_149' title='bbox 828 2472 921 2510; x_wconf 88' lang='lat' dir='ltr'><strong>unum</strong></span> <span class='ocrx_word' id='word_1_150' title='bbox 951 2453 1190 2530; x_wconf 83' lang='lat' dir='ltr'><strong>comparaveris,</strong></span> 
     </span>
     <span class='ocr_line' id='line_1_21' title="bbox 197 2546 1192 2639; baseline 0.003 -24"><span class='ocrx_word' id='word_1_151' title='bbox 197 2559 280 2636; x_wconf 85' lang='lat' dir='ltr'><strong>quod</strong></span> <span class='ocrx_word' id='word_1_152' title='bbox 303 2557 390 2617; x_wconf 87' lang='lat' dir='ltr'><strong>modo</strong></span> <span class='ocrx_word' id='word_1_153' title='bbox 413 2557 530 2616; x_wconf 83' lang='lat' dir='ltr'><strong>dixerat</strong></span> <span class='ocrx_word' id='word_1_154' title='bbox 551 2558 614 2618; x_wconf 85' lang='lat' dir='ltr'><strong>Cic.</strong></span> <span class='ocrx_word' id='word_1_155' title='bbox 638 2555 666 2639; x_wconf 80' lang='grc'><strong>5.</strong></span> <span class='ocrx_word' id='word_1_156' title='bbox 689 2557 779 2616; x_wconf 86' lang='lat' dir='ltr'><strong>buius</strong></span> <span class='ocrx_word' id='word_1_157' title='bbox 800 2559 871 2618; x_wconf 86' lang='lat' dir='ltr'><strong>libri</strong></span> <span class='ocrx_word' id='word_1_158' title='bbox 894 2546 946 2625; x_wconf 63' lang='lat'><strong>22.</strong></span> <span class='ocrx_word' id='word_1_159' title='bbox 966 2562 1093 2618; x_wconf 84' lang='lat' dir='ltr'><strong>Horum</strong></span> <span class='ocrx_word' id='word_1_160' title='bbox 1117 2564 1192 2618; x_wconf 86' lang='lat' dir='ltr'><strong>siu-</strong></span> 
     </span>
     <span class='ocr_line' id='line_1_22' title="bbox 194 2664 1193 2754; baseline 0.004 -32"><span class='ocrx_word' id='word_1_161' title='bbox 194 2665 342 2741; x_wconf 80' lang='lat' dir='ltr'><strong>gulorum</strong></span> <span class='ocrx_word' id='word_1_162' title='bbox 362 2685 515 2742; x_wconf 78' lang='lat' dir='ltr'><strong>generum.</strong></span> <span class='ocrx_word' id='word_1_163' title='bbox 537 2664 662 2743; x_wconf 81' lang='lat' dir='ltr'><strong>[leliqua</strong></span> <span class='ocrx_word' id='word_1_164' title='bbox 676 2665 727 2724; x_wconf 87' lang='lat' dir='ltr'><strong>illa</strong></span> <span class='ocrx_word' id='word_1_165' title='bbox 744 2674 888 2740; x_wconf 82' lang='lat' dir='ltr'><strong>aetatum,</strong></span> <span class='ocrx_word' id='word_1_166' title='bbox 909 2676 1084 2754; x_wconf 77' lang='lat' dir='ltr'><strong>temporum,</strong></span> <span class='ocrx_word' id='word_1_167' title='bbox 1110 2671 1193 2726; x_wconf 84' lang='lat' dir='ltr'><strong>civi-</strong></span> 
     </span>
     <span class='ocr_line' id='line_1_23' title="bbox 197 2770 1193 2855; baseline 0.009 -28"><span class='ocrx_word' id='word_1_168' title='bbox 197 2780 314 2848; x_wconf 79' lang='lat' dir='ltr'><strong>tatum,</strong></span> <span class='ocrx_word' id='word_1_169' title='bbox 351 2791 390 2831; x_wconf 89' lang='lat' dir='ltr'><strong>ne</strong></span> <span class='ocrx_word' id='word_1_170' title='bbox 421 2771 649 2851; x_wconf 88' lang='lat' dir='ltr'><strong>superbissimus</strong></span> <span class='ocrx_word' id='word_1_171' title='bbox 684 2771 805 2850; x_wconf 90' lang='lat' dir='ltr'><strong>quidem</strong></span> <span class='ocrx_word' id='word_1_172' title='bbox 833 2770 926 2830; x_wconf 87' lang='lat' dir='ltr'><strong>iudex</strong></span> <span class='ocrx_word' id='word_1_173' title='bbox 957 2773 1193 2855; x_wconf 89' lang='lat' dir='ltr'><strong>improbaturus</strong></span> 
     </span>
     <span class='ocr_line' id='line_1_24' title="bbox 197 2878 1194 2954; baseline 0.006 -17"><span class='ocrx_word' id='word_1_174' title='bbox 197 2878 300 2938; x_wconf 84' lang='lat' dir='ltr'><strong>fuerit.</strong></span> <span class='ocrx_word' id='word_1_175' title='bbox 346 2879 539 2954; x_wconf 86' lang='lat' dir='ltr'><strong>Quinctilian.</strong></span> <span class='ocrx_word' id='word_1_176' title='bbox 564 2879 636 2939; x_wconf 85' lang='lat' dir='ltr'><strong>lnst.</strong></span> <span class='ocrx_word' id='word_1_177' title='bbox 659 2879 745 2940; x_wconf 86' lang='lat' dir='ltr'><strong>Orat.</strong></span> <span class='ocrx_word' id='word_1_178' title='bbox 763 2882 804 2951; x_wconf 88' lang='lat' dir='ltr'><strong>X,</strong></span> <span class='ocrx_word' id='word_1_179' title='bbox 824 2883 854 2952; x_wconf 80' lang='lat'><strong>6,</strong></span> <span class='ocrx_word' id='word_1_180' title='bbox 874 2882 920 2944; x_wconf 86' lang='grc'><strong>10.</strong></span> <span class='ocrx_word' id='word_1_181' title='bbox 965 2882 1048 2940; x_wconf 87' lang='lat' dir='ltr'><strong>Nam</strong></span> <span class='ocrx_word' id='word_1_182' title='bbox 1070 2882 1106 2940; x_wconf 85' lang='lat' dir='ltr'><strong>in</strong></span> <span class='ocrx_word' id='word_1_183' title='bbox 1130 2885 1194 2942; x_wconf 80' lang='lat' dir='ltr'><strong>illa</strong></span> 
     </span>
     <span class='ocr_line' id='line_1_25' title="bbox 197 2987 1193 3069; baseline 0.007 -25"><span class='ocrx_word' id='word_1_184' title='bbox 197 2987 363 3066; x_wconf 80' lang='lat' dir='ltr'><strong>miellipliei</strong></span> <span class='ocrx_word' id='word_1_185' title='bbox 383 3007 588 3068; x_wconf 83' lang='lat' dir='ltr'><strong>personarum,</strong></span> <span class='ocrx_word' id='word_1_186' title='bbox 607 3006 717 3062; x_wconf 87' lang='lat' dir='ltr'><strong>rerum,</strong></span> <span class='ocrx_word' id='word_1_187' title='bbox 731 2996 909 3069; x_wconf 86' lang='lat' dir='ltr'><strong>temporum,</strong></span> <span class='ocrx_word' id='word_1_188' title='bbox 922 2987 1069 3064; x_wconf 90' lang='lat' dir='ltr'><strong>locorum,</strong></span> <span class='ocrx_word' id='word_1_189' title='bbox 1088 2990 1193 3051; x_wconf 86' lang='lat' dir='ltr'><strong>dicto-</strong></span> 
     </span>
     <span class='ocr_line' id='line_1_26' title="bbox 136 3091 1195 3176; baseline 0.002 -21"><span class='ocrx_word' id='word_1_190' title='bbox 136 3146 141 3158; x_wconf 92' lang='lat'><strong>.</strong></span> <span class='ocrx_word' id='word_1_191' title='bbox 197 3115 284 3170; x_wconf 84' lang='lat' dir='ltr'><strong>rum,</strong></span> <span class='ocrx_word' id='word_1_192' title='bbox 313 3095 478 3171; x_wconf 75' lang='lat' dir='ltr'><strong>foetorum,</strong></span> <span class='ocrx_word' id='word_1_193' title='bbox 510 3092 686 3152; x_wconf 80' lang='lat' dir='ltr'><strong>diuersitate</strong></span> <span class='ocrx_word' id='word_1_194' title='bbox 707 3093 806 3170; x_wconf 78' lang='lat' dir='ltr'><strong>seruile</strong></span> <span class='ocrx_word' id='word_1_195' title='bbox 833 3091 981 3159; x_wconf 73' lang='lat' dir='ltr'><strong>delitescit</strong></span> <span class='ocrx_word' id='word_1_196' title='bbox 1010 3097 1195 3176; x_wconf 76' lang='lat' dir='ltr'><strong>infirmitas.</strong></span> 
     </span>
     <span class='ocr_line' id='line_1_27' title="bbox 195 3198 1195 3279; baseline 0.004 -17"><span class='ocrx_word' id='word_1_197' title='bbox 195 3200 288 3262; x_wconf 77' lang='lat' dir='ltr'><strong>Aliud</strong></span> <span class='ocrx_word' id='word_1_198' title='bbox 317 3202 505 3262; x_wconf 74' lang='lat' dir='ltr'><strong>sentiendum</strong></span> <span class='ocrx_word' id='word_1_199' title='bbox 527 3199 565 3261; x_wconf 86' lang='lat' dir='ltr'><strong>de</strong></span> <span class='ocrx_word' id='word_1_200' title='bbox 585 3199 622 3259; x_wconf 75' lang='lat' dir='ltr'><strong>ite</strong></span> <span class='ocrx_word' id='word_1_201' title='bbox 649 3198 741 3271; x_wconf 80' lang='lat' dir='ltr'><strong>loeis,</strong></span> <span class='ocrx_word' id='word_1_202' title='bbox 771 3220 847 3279; x_wconf 88' lang='lat' dir='ltr'><strong>quos</strong></span> <span class='ocrx_word' id='word_1_203' title='bbox 869 3200 960 3261; x_wconf 83' lang='lat' dir='ltr'><strong>citavi</strong></span> <span class='ocrx_word' id='word_1_204' title='bbox 980 3203 1012 3264; x_wconf 84' lang='lat' dir='ltr'><strong>in</strong></span> <span class='ocrx_word' id='word_1_205' title='bbox 1035 3223 1195 3265; x_wconf 83' lang='lat' dir='ltr'><strong>commen·</strong></span> 
     </span>
     <span class='ocr_line' id='line_1_28' title="bbox 195 3304 1194 3390; baseline 0.006 -21"><span class='ocrx_word' id='word_1_206' title='bbox 195 3319 251 3370; x_wconf 85' lang='lat' dir='ltr'><strong>tor.</strong></span> <span class='ocrx_word' id='word_1_207' title='bbox 274 3309 313 3368; x_wconf 85' lang='lat' dir='ltr'><strong>ad</strong></span> <span class='ocrx_word' id='word_1_208' title='bbox 335 3308 431 3370; x_wconf 86' lang='lat' dir='ltr'><strong>eiusd.</strong></span> <span class='ocrx_word' id='word_1_209' title='bbox 455 3329 520 3389; x_wconf 89' lang='lat' dir='ltr'><strong>cap.</strong></span> <span class='ocrx_word' id='word_1_210' title='bbox 542 3313 573 3372; x_wconf 83' lang='lat'><strong>7.</strong></span> <span class='ocrx_word' id='word_1_211' title='bbox 595 3304 628 3388; x_wconf 80' lang='grc'><strong>5.</strong></span> <span class='ocrx_word' id='word_1_212' title='bbox 642 3310 696 3371; x_wconf 77' lang='lat'><strong>26.</strong></span> <span class='ocrx_word' id='word_1_213' title='bbox 718 3328 757 3367; x_wconf 84' lang='lat' dir='ltr'><strong>ex</strong></span> <span class='ocrx_word' id='word_1_214' title='bbox 778 3307 900 3369; x_wconf 84' lang='lat' dir='ltr'><strong>Tuscul.</strong></span> <span class='ocrx_word' id='word_1_215' title='bbox 931 3307 1014 3390; x_wconf 83' lang='lat' dir='ltr'><strong>Disp.</strong></span> <span class='ocrx_word' id='word_1_216' title='bbox 1036 3319 1066 3370; x_wconf 91' lang='lat' dir='ltr'><strong>et</strong></span> <span class='ocrx_word' id='word_1_217' title='bbox 1087 3311 1114 3372; x_wconf 92' lang='lat' dir='ltr'><strong>l.</strong></span> <span class='ocrx_word' id='word_1_218' title='bbox 1133 3313 1194 3377; x_wconf 86' lang='lat' dir='ltr'><strong>lib.</strong></span> 
     </span>
     <span class='ocr_line' id='line_1_29' title="bbox 195 3398 1195 3502; baseline 0.002 -25"><span class='ocrx_word' id='word_1_219' title='bbox 195 3417 235 3478; x_wconf 68' lang='lat' dir='ltr'><strong>ee</strong></span> <span class='ocrx_word' id='word_1_220' title='bbox 256 3408 300 3480; x_wconf 67' lang='lat' dir='ltr'><strong>u.</strong></span> <span class='ocrx_word' id='word_1_221' title='bbox 315 3403 376 3480; x_wconf 85' lang='lat' dir='ltr'><strong>no.</strong></span> <span class='ocrx_word' id='word_1_222' title='bbox 400 3415 479 3476; x_wconf 78' lang='lat' dir='ltr'><strong>aaa.</strong></span> <span class='ocrx_word' id='word_1_223' title='bbox 501 3414 608 3475; x_wconf 68' lang='lat' dir='ltr'><strong>lustin.</strong></span> <span class='ocrx_word' id='word_1_224' title='bbox 637 3413 716 3476; x_wconf 76' lang='lat' dir='ltr'><strong>nst.</strong></span> <span class='ocrx_word' id='word_1_225' title='bbox 734 3415 815 3493; x_wconf 81' lang='lat' dir='ltr'><strong>xiv,</strong></span> <span class='ocrx_word' id='word_1_226' title='bbox 832 3419 863 3490; x_wconf 85' lang='lat'><strong>3,</strong></span> <span class='ocrx_word' id='word_1_227' title='bbox 879 3419 910 3481; x_wconf 85' lang='lat' dir='ltr'><strong>a.</strong></span> <span class='ocrx_word' id='word_1_228' title='bbox 925 3398 1071 3496; x_wconf 63' lang='lat' dir='ltr'><strong>praemia</strong></span> <span class='ocrx_word' id='word_1_229' title='bbox 1089 3420 1195 3502; x_wconf 71' lang='lat' dir='ltr'><strong>unga</strong></span> 
     </span>
     <span class='ocr_line' id='line_1_30' title="bbox 196 3521 742 3603; baseline -0.005 -21"><span class='ocrx_word' id='word_1_230' title='bbox 196 3526 312 3582; x_wconf 79' lang='lat' dir='ltr'><strong>militia</strong></span> <span class='ocrx_word' id='word_1_231' title='bbox 328 3534 426 3603; x_wconf 78' lang='lat' dir='ltr'><strong>porta</strong></span> <span class='ocrx_word' id='word_1_232' title='bbox 445 3521 652 3603; x_wconf 89' lang='lat' dir='ltr'><strong>perdiderunt.</strong></span> <span class='ocrx_word' id='word_1_233' title='bbox 740 3590 742 3594; x_wconf 21' lang='lat'><strong><em>¹</em></strong></span> 
     </span>
    </p>
   </div>
   <div class='ocr_carea' id='block_1_6' title="bbox 85 3613 1195 3812">
    <p class='ocr_par' dir='ltr' id='par_1_8' title="bbox 85 3613 1195 3812">
     <span class='ocr_line' id='line_1_31' title="bbox 85 3613 1195 3718; baseline 0.006 -30"><span class='ocrx_word' id='word_1_234' title='bbox 85 3709 87 3714; x_wconf 20' lang='grc' dir='ltr'>Ι</span> <span class='ocrx_word' id='word_1_235' title='bbox 138 3628 140 3631; x_wconf 76' lang='grc'><strong>’</strong></span> <span class='ocrx_word' id='word_1_236' title='bbox 197 3631 241 3689; x_wconf 83' lang='lat' dir='ltr'><strong>tle</strong></span> <span class='ocrx_word' id='word_1_237' title='bbox 270 3631 364 3691; x_wconf 91' lang='lat' dir='ltr'><strong>sorma</strong></span> <span class='ocrx_word' id='word_1_238' title='bbox 392 3629 557 3688; x_wconf 79' lang='lat' dir='ltr'><strong>increbruit</strong></span> <span class='ocrx_word' id='word_1_239' title='bbox 585 3628 676 3689; x_wconf 86' lang='lat' dir='ltr'><strong>unice</strong></span> <span class='ocrx_word' id='word_1_240' title='bbox 701 3613 799 3718; x_wconf 85' lang='lat' dir='ltr'><strong>probo</strong></span> <span class='ocrx_word' id='word_1_241' title='bbox 828 3628 911 3715; x_wconf 87' lang='lat' dir='ltr'><strong>quod</strong></span> <span class='ocrx_word' id='word_1_242' title='bbox 931 3629 973 3694; x_wconf 85' lang='lat' dir='ltr'><strong>eit</strong></span> <span class='ocrx_word' id='word_1_243' title='bbox 993 3628 1195 3695; x_wconf 85' lang='lat' dir='ltr'><strong>Heindortius</strong></span> 
     </span>
     <span class='ocr_line' id='line_1_32' title="bbox 197 3736 650 3812; baseline 0.009 -16"><span class='ocrx_word' id='word_1_244' title='bbox 197 3736 235 3797; x_wconf 88' lang='lat' dir='ltr'><strong>sd</strong></span> <span class='ocrx_word' id='word_1_245' title='bbox 257 3737 362 3799; x_wconf 88' lang='lat' dir='ltr'><strong>Horat.</strong></span> <span class='ocrx_word' id='word_1_246' title='bbox 385 3738 475 3798; x_wconf 86' lang='lat' dir='ltr'><strong>Satir.</strong></span> <span class='ocrx_word' id='word_1_247' title='bbox 492 3737 531 3812; x_wconf 87' lang='lat' dir='ltr'><strong>ll,</strong></span> <span class='ocrx_word' id='word_1_248' title='bbox 549 3737 581 3808; x_wconf 82' lang='lat'><strong>5,</strong></span> <span class='ocrx_word' id='word_1_249' title='bbox 596 3741 650 3806; x_wconf 71' lang='lat'><strong>9³.</strong></span> 
     </span>
    </p>
   </div>
   <div class='ocr_carea' id='block_1_7' title="bbox 113 3874 1194 4282">
    <p class='ocr_par' dir='ltr' id='par_1_9' title="bbox 113 3874 1194 4282">
     <span class='ocr_line' id='line_1_33' title="bbox 113 3874 1193 3961; baseline 0.003 -24"><span class='ocrx_word' id='word_1_250' title='bbox 113 3881 186 3958; x_wconf 85' lang='lat' dir='ltr'><strong>Cap.</strong></span> <span class='ocrx_word' id='word_1_251' title='bbox 204 3884 232 3943; x_wconf 87' lang='lat'><strong>8.</strong></span> <span class='ocrx_word' id='word_1_252' title='bbox 254 3876 285 3961; x_wconf 92' lang='grc'><strong>5.</strong></span> <span class='ocrx_word' id='word_1_253' title='bbox 300 3879 353 3944; x_wconf 80' lang='lat'><strong>25.</strong></span> <span class='ocrx_word' id='word_1_254' title='bbox 382 3879 454 3938; x_wconf 88' lang='lat' dir='ltr'><strong>mibi</strong></span> <span class='ocrx_word' id='word_1_255' title='bbox 478 3881 572 3956; x_wconf 75' lang='lat' dir='ltr'><strong>magis</strong></span> <span class='ocrx_word' id='word_1_256' title='bbox 600 3878 700 3958; x_wconf 82' lang='lat' dir='ltr'><strong>placet</strong></span> <span class='ocrx_word' id='word_1_257' title='bbox 726 3881 861 3959; x_wconf 84' lang='lat' dir='ltr'><strong>opimum</strong></span> <span class='ocrx_word' id='word_1_258' title='bbox 882 3874 1040 3959; x_wconf 81' lang='lat' dir='ltr'><strong>quoddam</strong></span> <span class='ocrx_word' id='word_1_259' title='bbox 1061 3889 1090 3941; x_wconf 81' lang='lat' dir='ltr'><strong>et</strong></span> <span class='ocrx_word' id='word_1_260' title='bbox 1112 3891 1193 3940; x_wconf 82' lang='lat' dir='ltr'><strong>ian-</strong></span> 
     </span>
     <span class='ocr_line' id='line_1_34' title="bbox 199 3984 1194 4069; baseline 0.006 -28"><span class='ocrx_word' id='word_1_261' title='bbox 199 4006 293 4064; x_wconf 80' lang='lat' dir='ltr'><strong>quum</strong></span> <span class='ocrx_word' id='word_1_262' title='bbox 317 3985 433 4065; x_wconf 81' lang='lat' dir='ltr'><strong>adipale</strong></span> <span class='ocrx_word' id='word_1_263' title='bbox 455 3984 599 4044; x_wconf 81' lang='lat' dir='ltr'><strong>dictionis</strong></span> <span class='ocrx_word' id='word_1_264' title='bbox 618 4008 733 4066; x_wconf 80' lang='lat' dir='ltr'><strong>genus,</strong></span> <span class='ocrx_word' id='word_1_265' title='bbox 754 3986 803 4045; x_wconf 89' lang='lat' dir='ltr'><strong>vel</strong></span> <span class='ocrx_word' id='word_1_266' title='bbox 823 3995 1002 4069; x_wconf 82' lang='lat' dir='ltr'><strong>propterea,</strong></span> <span class='ocrx_word' id='word_1_267' title='bbox 1024 3986 1108 4067; x_wconf 87' lang='lat' dir='ltr'><strong>quod</strong></span> <span class='ocrx_word' id='word_1_268' title='bbox 1131 3989 1194 4047; x_wconf 89' lang='lat' dir='ltr'><strong>ad-</strong></span> 
     </span>
     <span class='ocr_line' id='line_1_35' title="bbox 179 4070 1194 4175; baseline 0.006 -26"><span class='ocrx_word' id='word_1_269' title='bbox 179 4080 339 4152; x_wconf 56' lang='lat' dir='ltr'><strong>&#39;iectivum</strong></span> <span class='ocrx_word' id='word_1_270' title='bbox 361 4070 519 4154; x_wconf 79' lang='lat' dir='ltr'><strong>cumvoc.</strong></span> <span class='ocrx_word' id='word_1_271' title='bbox 546 4115 644 4172; x_wconf 79' lang='lat' dir='ltr'><strong>genus</strong></span> <span class='ocrx_word' id='word_1_272' title='bbox 663 4095 765 4175; x_wconf 86' lang='lat' dir='ltr'><strong>potius</strong></span> <span class='ocrx_word' id='word_1_273' title='bbox 787 4093 925 4170; x_wconf 82' lang='lat' dir='ltr'><strong>coniungi</strong></span> <span class='ocrx_word' id='word_1_274' title='bbox 946 4091 1073 4153; x_wconf 89' lang='lat' dir='ltr'><strong>debebat</strong></span> <span class='ocrx_word' id='word_1_275' title='bbox 1090 4077 1194 4173; x_wconf 56' lang='lat' dir='ltr'><strong>¹quam</strong></span> 
     </span>
     <span class='ocr_line' id='line_1_36' title="bbox 200 4187 1193 4282; baseline 0.007 -26"><span class='ocrx_word' id='word_1_276' title='bbox 200 4216 267 4259; x_wconf 85' lang='lat' dir='ltr'><strong>cum</strong></span> <span class='ocrx_word' id='word_1_277' title='bbox 290 4197 422 4278; x_wconf 82' lang='lat' dir='ltr'><strong>genitivo</strong></span> <span class='ocrx_word' id='word_1_278' title='bbox 452 4197 613 4278; x_wconf 80' lang='lat' dir='ltr'><strong>dictionis,</strong></span> <span class='ocrx_word' id='word_1_279' title='bbox 644 4187 701 4282; x_wconf 66' lang='lat' dir='ltr'><strong>⁴qui</strong></span> <span class='ocrx_word' id='word_1_280' title='bbox 731 4200 827 4265; x_wconf 85' lang='lat' dir='ltr'><strong>omitti</strong></span> <span class='ocrx_word' id='word_1_281' title='bbox 854 4200 943 4261; x_wconf 84' lang='lat' dir='ltr'><strong>etiem</strong></span> <span class='ocrx_word' id='word_1_282' title='bbox 963 4200 1048 4261; x_wconf 90' lang='lat' dir='ltr'><strong>nullo</strong></span> <span class='ocrx_word' id='word_1_283' title='bbox 1069 4210 1193 4263; x_wconf 89' lang='lat' dir='ltr'><strong>senteu-</strong></span> 
     </span>
    </p>
   </div>
   <div class='ocr_carea' id='block_1_8' title="bbox 0 0 1354 5018">
    <p class='ocr_par' dir='ltr' id='par_1_10' title="bbox 0 0 1354 5018">
     <span class='ocr_line' id='line_1_37' title="bbox 0 0 1354 5018; baseline 0 0"><span class='ocrx_word' id='word_1_284' title='bbox 0 0 1354 5018; x_wconf 95' lang='lat' dir='ltr'><strong> </strong></span> 
     </span>
    </p>
   </div>
  </div>
 </body>
</html>
