2692 5018
351 269 419 336 An
459 213 686 335 unucuu
721 245 951 337 neutum.
1115 271 1187 342 'ns

109 424 224 501 deant,
241 458 284 471 -
301 420 455 486 sensisset
472 422 624 508 profecto
642 445 678 486 se
692 421 817 487 fudisse
837 424 1016 495 senarium.
1039 425 1187 491 Omnino

109 527 229 590 melius
257 523 407 597 caderet,
445 524 621 616 prodeant
645 523 723 611 ipsi.
774 523 840 590 Sed
871 527 912 590 de
941 549 1063 614 genere
1095 550 1187 592 nuno

108 627 251 713 disputo.
307 626 380 692 Cur
418 625 643 691 clandestinis
684 626 836 691 consiliis
870 652 930 692 nos
962 626 1251 721 oppugnantim

110 753 173 794 cur
191 728 233 792 de
248 727 414 817 persii-gis
434 728 559 793 nostris
575 727 693 815 copias
712 742 892 817 comparat
914 733 944 795 is
967 734 1186 798 contrarios?

108 833 228 897 Prima
250 843 331 896 sunt
352 833 408 895 iile
431 833 516 910 duo,
548 852 634 915 quae
654 826 803 915 κόμματα
825 832 944 897 Graeci
969 845 1105 903 vocant.
1127 856 1188 898 nos

107 933 213 997 incisa
244 934 402 997 dicimus:
433 933 554 996 deinde
583 933 736 1012 tertium,
767 937 878 999 unii-ov
898 933 961 1011 ilii,
993 959 1053 999 uos
1076 959 1188 1000 mem·

108 1033 222 1100 bium.
266 1035 427 1120 Sequitur
448 1057 517 1099 non
540 1036 654 1120 longa,
687 1056 729 1099 ex
758 1035 889 1100 duobus
912 1035 1002 1100 euim
1026 1037 1186 1111 versibus,

108 1137 232 1214 idest,
256 1136 415 1201 membris
435 1135 583 1223 perfecta
613 1135 867 1224 comprehensio
897 1147 946 1200 est
968 1151 1001 1202 et
1024 1138 1058 1201 in
1082 1160 1188 1223 spon-

110 1238 190 1303 deos
222 1236 324 1304 cadit:
364 1249 396 1301 et
424 1241 563 1302 Crassus
585 1236 722 1319 quidem
753 1237 800 1302 sie
820 1239 1022 1325 plerumque
1043 1239 1185 1316 dicebat,

108 1339 212 1425 idque
242 1340 313 1429 ipse
342 1360 448 1424 genus
478 1339 638 1423 [dicendi]
667 1339 815 1404 maxime
843 1341 958 1428 probo.
1009 1341 1076 1408 Sed
1098 1361 1186 1427 quae

107 1570 316 1586 m

142 1696 260 1768 profecto
278 1719 305 1748 se
335 1699 442 1768 odisee]
462 1699 508 1752 Sic
522 1698 578 1751 vit.
597 1728 632 1738 -
648 1697 782 1768 profertor
803 1698 928 1770 effligisec
945 1701 1012 1751 Ven.
1031 1701 1054 1752 1.
1071 1725 1106 1738 ·-·
1118 1715 1180 1762 pro·

107 1764 198 1827 fecitis
212 1786 262 1816 non
279 1822 285 1834 ,
325 1772 399 1831 gisse
416 1774 486 1824 Ven.
502 1772 527 1823 2.
544 1798 577 1807 -
592 1770 713 1836 projecto
730 1767 855 1837 effugisse
872 1773 924 1823 Dr.
940 1769 1002 1822 Ald.
1019 1774 1041 1823 l.
1057 1768 1098 1820 Ju.
1107 1767 1179 1820 vict.

109 1834 205 1901 Steph.
220 1837 301 1888 Grut.
316 1839 383 1888 Ern.
398 1838 450 1890 Or.
463 1869 498 1878 —
513 1836 632 1906 profecto
652 1856 702 1886 non
722 1836 848 1902 effugisse
868 1839 933 1890 Tul.
951 1839 995 1890 Cr.
1013 1865 1046 1878 -
1061 1836 1180 1906 prtp‘ecto

104 1903 245 1972 ¹effluxisse
258 1907 288 1958 L.
301 1906 362 1958 Ald.
383 1909 460 1977 22-
477 1908 607 1957 excidisse
630 1905 673 1956 vel
691 1926 719 1956 ec
736 1905 862 1972 effudisse
886 1923 943 1976 mg.
967 1907 1045 1964 1584.
1065 1932 1101 1956 κ·
1124 1924 1181 1955 sen·

110 1975 189 2022 sisset
205 1974 322 2041 prtp'ecto
340 1977 471 2025 senarium
495 1974 572 2030 Med.
1004 1986 1011 1999 “

178 2041 238 2094 293·
270 2043 410 2112 perfugis]
426 2043 559 2112 perfugiis
578 2043 630 2095 Dr.
648 2042 726 2096 Med.

145 2124 282 2176 comparor
305 2114 329 2161 ie
349 2112 518 2180 contrarios]
543 2112 659 2163 Secutus
684 2127 747 2162 sum
766 2111 961 2165 auctoritatem
984 2108 1181 2182 Quinctilium,

108 2178 158 2246 qui
181 2177 254 2230 benc
275 2178 426 2232 lectionem
449 2183 600 2232 confirmat
624 2181 822 2248 maximopere.
847 2183 903 2240 IX,
930 2182 960 2248 4,
989 2186 1047 2237 101.
1092 2183 1181 2247 „Duo

108 2249 217 2316 spondei
231 2265 280 2297 non
286 2248 350 2316 scre
363 2252 439 2318 iungi
449 2253 600 2315 potiuntur,
617 2252 737 2318 (quaein
755 2269 830 2301 versu
846 2269 944 2318 quoquc
964 2248 1090 2302 notabilis
1106 2248 1182 2299 clau-

106 2315 234 2376 inlaesi)
252 2319 375 2368 nisicum
394 2321 424 2368 id
435 2318 503 2387 fleri
522 2329 608 2386 potest
627 2336 660 2368 ex
680 2320 763 2368 tribue
782 2322 860 2385 quasi
877 2322 1012 2372 membris:
1049 2321 1115 2370 Cur
1142 2319 1184 2366 de

104 2383 277 2454 perfugis
301 2391 437 2438 nostris
461 2390 579 2456 copias
606 2399 791 2455 comparat
814 2391 843 2438 ir
866 2399 990 2440 contra
1020 2389 1105 2441 nos?
1127 2401 1182 2436 una

106 2452 227 2524 cylindri,
244 2457 363 2520 duobus,
381 2455 607 2509 unn.“-Ceteri
623 2455 723 2522 legunt
741 2472 838 2508 omnes
852 2469 1006 2526 comparant
1016 2467 1109 2507 conire
1123 2471 1183 2517 noe,

106 2521 175 2574 item
185 2522 305 2574 Rufinus
320 2543 347 2592 p.
361 2526 438 2579 2718.
459 2526 592 2576 Ceterum
606 2527 728 2576 multum
743 2525 905 2578 dubitarunt
919 2525 953 2577 de
968 2534 1029 2577 toto
1043 2524 1099 2575 boe
1113 2523 1181 2574 loco

108 2590 250 2642 editores:
277 2594 410 2646 excidisse
430 2595 589 2645 membrum
611 2594 724 2661 aliquod
756 2603 820 2662 post
840 2595 906 2651 iiie:
939 2615 985 2644 cur
1006 2593 1181 2645 clandestinis

107 2659 282 2712 eonsiliienos
294 2665 464 2731 oppugnant?
483 2664 611 2731 opinatus
624 2662 827 2724 estSchiitzius,
846 2665 887 2714 Le
896 2662 1031 2734 Clereque
1041 2679 1107 2714 vero
1116 2665 1182 2730 post

105 2728 178 2780 iste:
211 2733 262 2781 Sed
275 2734 411 2798 degenere
423 2752 491 2782 nunc
505 2735 619 2798 disputo.
639 2733 780 2784 —Locus
800 2742 841 2783 est
860 2732 978 2800 integer.
1003 2736 1094 2782 Prima
1118 2739 1179 2779 eunt

108 2798 159 2848 ille
169 2800 234 2865 duo,
256 2817 358 2868 nempe
386 2803 478 2851 missos
493 2800 609 2868 faciunt
628 2814 771 2868 patronos,
796 2803 850 2870 ipsi
870 2805 1009 2871 prodeant.
1038 2802 1093 2852 duo
1113 2805 1181 2850 eunt

109 2865 246 2933 κόμματα.
282 2869 385 2920 Deinde
405 2872 525 2936 tertium,
549 2869 664 2934 ndtovp
681 2887 781 2938 nempe
804 2891 851 2921 cur
868 2870 1041 2922 clandestinis
1061 2869 1182 2920 consiliio

110 2954 160 2985 nos
177 2940 343 3006 oppugnant?
368 2939 419 2990 Est
429 2949 527 2990 entem
541 2940 632 2992 κῶλον
645 2941 734 2991 maius
750 2939 895 3009 aliquanto
910 2956 993 3009 quem
1006 2936 1116 3006 rippa:
1135 2955 1180 2987 so-

108 3003 209 3056 lebant
223 3005 294 3059 enim
310 3007 396 3058 verba
409 3008 564 3074 ponderare
575 3008 713 3069 artifices,
731 3008 770 3059 its
785 3018 817 3060 ut
829 3008 883 3059 trie
906 3018 1060 3078 quatuorve
1082 3006 1180 3072 κόμμα

108 3073 269 3127 efficerent:
290 3076 413 3145 quinque
432 3094 498 3127 vero
516 3076 614 3130 κῶλον.
641 3077 730 3128 oratio
747 3085 840 3127 eutem
857 3094 927 3146 quae
944 3078 1027 3146 plura
1050 3076 1181 3128 contine·

105 3143 157 3195 bet
171 3146 324 3209 voeabula,
342 3145 553 3213 comprehensio
569 3147 722 3199 dicebatur.
749 3149 873 3213 Sequitur
892 3163 943 3195 non
961 3147 1043 3215 longa
1065 3163 1180 3211 compre·

63 3266 66 3271 ⁸
106 3213 212 3280 herisio,¹
232 3231 331 3282 nempe
349 3236 395 3265 cur
406 3219 438 3264 de
448 3215 569 3284 pcrjngis
582 3217 679 3265 nostrie
697 3217 787 3282 copias
804 3226 941 3282 comparat
961 3217 985 3264 is
1003 3229 1094 3264 contro
1115 3214 1181 3265 noe?

107 3299 141 3333 ex
160 3281 269 3334 duobus
285 3292 380 3336 autem
394 3284 527 3336 membris
541 3285 610 3335 haec
624 3293 754 3334 constent
773 3293 800 3334 et
813 3284 853 3336 ite
875 3283 995 3336 fortasse
1020 3283 1123 3336 debent
1139 3281 1181 3333 di-

104 3351 181 3403 vidi:
207 3372 253 3405 cur
270 3356 302 3403 de
317 3353 439 3422 perjngis
456 3356 554 3404 nostris
572 3356 662 3422 copiae
678 3364 815 3421 comparet

315 3426 338 3472 is
356 3435 448 3472 contro
460 3423 528 3474 nos?

140 3490 233 3540 Primo
250 3493 323 3559 eunt]
342 3503 401 3541 sunt
415 3490 465 3542 illa
475 3494 524 3541 duo
538 3493 702 3561 primaeuae
715 3486 845 3559 κόμματα
856 3492 950 3562 graeci
966 3501 1062 3542 vocent
1079 3488 1146 3547 Rus.

140 3555 289 3625 κόμματα]
311 3572 442 3611 commata
459 3559 524 3613 Tul.
947 3593 950 3598 -

140 3630 236 3679 deinde
270 3632 330 3681 dein
348 3631 400 3683 Dr.

137 3697 232 3752 κοῖλον
267 3699 342 3751 colon
365 3697 429 3753 Tul.

141 3771 260 3835 sequitur
275 3788 325 3818 non
341 3767 460 3836 longn‚·]
477 3769 593 3838 sequitur
606 3786 657 3819 non
676 3767 758 3838 longo
779 3767 824 3832 (ex
847 3768 947 3817 duobus
970 3767 1039 3817 enirn
1060 3767 1177 3816 omuibus

104 3837 126 3888 τ’.
141 3838 263 3887 membris
281 3835 416 3904 perficio)
435 3838 626 3904 comprehensio
642 3840 708 3887 etin
721 3840 846 3905 spondeos
863 3839 945 3888 cadit.
964 3836 1058 3888 Rufin.
1084 3865 1112 3874 -
1133 3856 1179 3885 εει

107 3906 201 3973 quitur
215 3925 266 3956 non
281 3906 362 3975 longa
380 3907 425 3973 (ex
440 3907 539 3956 duobus
554 3909 620 3955 enim
636 3907 751 3956 versibus
771 3908 800 3956 id
810 3916 849 3955 est
861 3907 980 3954 membris
990 3904 1112 3974 perjectas
1127 3907 1178 3970 cst)

105 3975 300 4038 comprehensio
311 3987 337 4024 et
354 3977 381 4026 in
394 3976 520 4043 spondeos
533 3977 616 4026 cadit.
633 3976 731 4029 Lemh.
744 4005 779 4014 -
797 3977 913 4043 sequitur
927 3976 994 4023 enim
1013 3974 1178 4040 comprehen-

105 4044 147 4092 sio
171 4062 221 4092 non
235 4045 317 4112 longa
343 4045 387 4110 (ex
402 4041 725 4110 duobusenimversidue,
744 4047 839 4110 idest,
859 4041 1111 4112 membrieperfectn
1125 4045 1177 4110 est)

105 4123 131 4161 ci
146 4115 176 4161 in
189 4117 280 4180 spond.
293 4132 316 4163 c.
335 4113 398 4164 seh.
416 4115 442 4166 2.
1180 4114 1186 4138 '²

141 4182 264 4250 dicendi]
282 4182 381 4233 Deleri
395 4181 563 4234 auctoritate
585 4179 641 4237 Vir.
655 4180 749 4237 Ceteri
762 4180 793 4234 id
805 4187 929 4233 tuentur.
947 4206 983 4220 -
999 4180 1078 4248 idque
1094 4181 1179 4248 iprum

104 4266 191 4318 genus
207 4253 313 4302 dicendi
329 4251 424 4308 Rufin.
442 4251 516 4320 οἱς.
532 4253 592 4307 106.
657 4274 661 4285 ·
713 4272 716 4277 ’
755 4276 758 4282 ’
788 4275 790 4280 ·
923 4271 936 4277 ·’
1023 4272 1026 4278 ·
1112 4279 1114 4283 ’
