2692 5018
153 262 196 331 52
582 248 803 316 onsrou

153 411 349 477 floruerunt
364 403 451 493 apud
468 402 634 485 Graecos,
655 402 713 467 ser]
736 401 915 467 Phalereus
936 398 1157 467 Demetrius
1177 420 1235 465 meo

153 512 278 580 iudicio
300 508 466 597 praestitit
486 505 605 571 ceteris
613 524 623 581 ;
652 505 747 570 euius
772 502 977 568 orationum
998 500 1129 567 sedate
1148 500 1233 589 placi·

62 674 72 688 ,
154 614 265 700 deque
276 610 441 696 loquitur,
463 619 540 673 tum
553 606 720 672 illustrant
733 628 809 671 eam
826 605 922 694 quusi
935 605 1067 671 stellae
1085 602 1233 689 quaedam

151 714 315 783 translata
337 708 441 779 verba
456 723 557 797 etque
572 707 763 775 immutata.
815 708 1001 777 Translata
1028 729 1078 772 ea
1100 706 1253 789 dion,ut¹

152 839 253 906 saepe
267 815 353 897 iam,
375 835 463 900 quae
477 835 539 902 per
554 811 805 877 similitudinem
821 810 864 876 ab
879 809 944 875 alia
961 830 1002 877 re
1020 820 1096 875 aut
1107 807 1231 877 suavits

153 919 196 985 tis
220 928 281 983 aut
301 915 434 1003 inopiae
455 938 554 981 causa
576 911 837 979 transferuntur.
887 912 1050 994 Mutata,
1073 911 1117 977 in
1135 910 1231 999 quibu

155 1044 220 1112 pro
234 1017 336 1085 verbo
354 1017 496 1107 proprio
515 1015 692 1082 subiicitur
712 1013 823 1093 aliud,
853 1015 942 1101 quod
964 1014 1068 1079 idem
1088 1010 1252 1101 significet.

100 1161 135 1217 93
156 1134 306 1188 sumtum
335 1142 378 1184 ex
411 1143 450 1184 re
478 1119 590 1205 aliqua
617 1116 844 1203 consequenti.
874 1199 878 1209 Ι
910 1114 1019 1203 Quod
1050 1134 1228 1203 quanqum

156 1220 391 1292 transferendo
412 1218 468 1299 fit,
499 1230 614 1283 tamen
641 1217 705 1283 alio
729 1218 829 1284 modo
850 1216 1032 1283 transtulit
1059 1240 1147 1285 cum
1169 1214 1229 1281 dixit

154 1327 298 1404 Ennius,
322 1344 401 1389 arce
420 1332 453 1387 et
468 1320 548 1387 urbe
566 1319 648 1386 orbo
664 1342 765 1386 sum.-
782 1320 847 1386 alio
865 1319 979 1401 modo,
1004 1319 1039 1385 si
1060 1341 1133 1407 pro
1145 1316 1228 1409 patri

155 1484 363 1506 ...ι-ι--ὑ

226 1601 269 1654 92.
311 1595 446 1664 loquitur]
484 1593 585 1646 labitur
601 1591 735 1663 Purgold.
763 1592 828 1649 soh.
846 1597 873 1651 2.
899 1593 984 1648 Beier
1008 1592 1054 1647 ad
1080 1594 1144 1648 Off.
1171 1594 1229 1648 'ltt

157 1669 260 1794 unilt·
275 1662 570 1803 stultitlllfit
583 1663 748 1787 ,luunt
766 1663 827 1718 ὠ·
845 1681 874 1736 1'·
888 1663 949 1720 ²⁰⁴·
985 1664 1148 1719 ⁰⁶⁰¹⁶“³⁵
1163 1660 1228 1716 ⁰¹²⁵

192 1755 351 1870 illusione]
369 1802 488 1853 illustror
505 1800 560 1853 vtt.
573 1802 633 1854 Vet.

192 1873 343 1940 translato]
376 1870 433 1923 vit.
448 1872 499 1923 Dr.
513 1871 595 1923 Mon.
610 1871 680 1925 Ven.
696 1874 720 1926 1.
739 1870 804 1923 Tul.
820 1870 901 1925 Aldu.
917 1872 993 1928 Crat.
1009 1872 1050 1928 L.
1070 1870 1129 1926 Or.
1149 1882 1227 1921 -rre

158 1945 219 1999 loto
232 1944 316 1996 Grut.
331 1943 399 1993 Ern.
407 1939 442 1993 V.
454 1939 576 1991 Martini
589 1967 605 1979 -
619 1939 686 2009 Lag.
704 1939 740 1991 ad
759 1942 818 1993 Cic.
835 1942 888 2009 Ep.
902 1941 934 1993 L.
945 1945 969 1997 1.
990 1958 1041 2009 ep.
1052 1940 1130 1997 4.-
1142 1950 1227 2007 „am

148 2014 287 2086 serebant.
313 2011 360 2064 Sic
375 2024 472 2060 omnes
484 2007 551 2061 mci.
566 2007 664 2088 sicque
679 2008 766 2061 iidem
777 2011 810 2076 V,
823 2012 868 2064 20.
886 2007 1036 2078 transferri
1050 2027 1117 2061 non
1133 2006 1226 2077 erasmi,

67 2133 73 2140 .
156 2091 189 2137 ut
201 2080 343 2133 Victorius
359 2095 375 2130 e
393 2077 450 2129 suis
464 2076 504 2129 ibi
524 2077 656 2146 protuht,
676 2079 725 2128 ubi
745 2078 781 2130 de
803 2077 856 2130 hac
872 2077 1018 2131 scribendi
1043 2088 1105 2131 rat.
1127 2078 1226 2147 disput

69 2158 73 2165 '
157 2151 282 2219 Custigg.
307 2167 334 2218 p.
347 2147 420 2203 49.“
434 2175 468 2185 -
487 2147 655 2215 Quanquam
664 2147 770 2201 Donat.
793 2147 830 2199 ad
846 2149 911 2200 Ter.
930 2147 1050 2202 Phorm,
1072 2146 1161 2203 Prol.
1174 2146 1226 2199 rel

155 2222 197 2273 ita
209 2218 291 2271 dicit:
311 2217 479 2284 „Tronsdere
494 2225 601 2266 veteres
615 2215 771 2282 sonantius,
778 2217 855 2286 quod
869 2233 921 2268 noe
935 2216 1035 2269 lenius
1045 2217 1226 2271 dicimuatrs·

157 2292 230 2351 dere,
248 2296 281 2338 ut
302 2285 447 2344 erulorum.
470 2299 522 2334 noa
537 2283 698 2336 translatum
714 2300 730 2336 e
744 2284 925 2337 contrario·“
948 2286 1094 2339 Ceterum
1118 2282 1226 2339 conida

159 2359 240 2411 Orat.
256 2357 281 2421 8,
296 2354 340 2411 45.
356 2353 543 2418 translatum,
568 2352 646 2422 quod
665 2353 786 2409 maxime
805 2362 941 2425 tunquam
960 2352 1057 2409 stellis
1073 2354 1226 2428 quibusda

159 2434 241 2479 notat
254 2434 282 2477 et
295 2423 438 2476 illuminat
453 2422 620 2476 orationem.

193 2514 226 2546 eo
241 2495 319 2562 dico]
338 2495 398 2543 <lico
410 2510 442 2543 ea
458 2492 527 2544 Ven.
545 2495 568 2547 1.
581 2494 607 2545 2.
625 2491 706 2547 Med.
720 2490 785 2546 Tul.
800 2508 856 2548 om.
870 2510 903 2543 ea
917 2491 970 2545 Dr.
983 2492 1076 2551 Mon.

195 2565 229 2615 alr
244 2562 302 2614 olio
316 2562 359 2630 re]
380 2563 416 2611 sul
428 2559 512 2611 aliam
525 2580 577 2610 rem
589 2563 641 2613 Dr.
655 2563 737 2614 Mon·
750 2561 840 2629 Regii.
853 2560 933 2629 prob.
948 2560 1000 2614 Or.

194 2633 322 2698 mutato]
340 2633 480 2681 immutata
492 2627 557 2680 Sch·
566 2645 609 2696 pr.
617 2630 667 2682 Or.
687 2630 769 2682 stef.
782 2630 897 2698 Quinct.
909 2630 1051 2698 1x‚s,92.
1073 2632 1150 2699 „Es
1162 2642 1228 2683 rm

158 2703 198 2754 aio
210 2730 243 2741 -
257 2701 352 2753 sivero
366 2699 433 2750 haec
450 2696 595 2767 appellatio
611 2698 752 2772 siguificat
763 2693 940 2771 ὑπαλλαγὴν,
958 2703 1031 2751 sutis
1044 2704 1079 2751 de
1098 2720 1139 2755 ea
1152 2702 1229 2754 nun

159 2782 209 2824 est.
219 2771 238 2802 “
246 2797 280 2809 -

193 2839 269 2889 verbo
285 2832 411 2905 proprio]
442 2850 498 2888 om.
509 2836 625 2973 (proprio
642 2822 694 2891 Dr.
715 2838 771 2894 Gu.
790 2838 816 2893 8.
831 2839 894 2890 vet.
907 2865 942 2877 -
954 2836 1034 2887 verbo
1053 2840 1229 2909 proprioprt·

158 2909 246 2979 prium
262 2905 330 2959 subi.
341 2902 405 2955 sch.
418 2905 444 2959 2.
460 2932 495 2943 -

159 2975 274 3027 discedit
295 2973 469 3043 pnnvvpin,
494 2992 562 3040 quaa
582 2985 620 3024 est
641 2979 755 3027 nomr'nie
776 2995 825 3044 pro
847 2994 950 3028 nomam
961 2976 1088 3043 putitiu
1117 2982 1230 3031 euim

158 3056 216 3111 est,
239 3062 287 3111 pro
302 3062 347 3110 eo,
367 3045 435 3110 quod
448 3044 562 3110 dicitur,
586 3062 694 3095 causum
712 3057 911 3116 propterquam
929 3045 1053 3109 dicitur,
1068 3044 1231 3116 partemii

158 3124 190 3165 ut
208 3114 249 3162 uit
266 3114 369 3173 Cicero,
388 3105 547 3179 ὑπαλλαγὴν
563 3112 676 3165 rhetores
690 3115 814 3170 nicunr.“

192 3181 351 3246 subiicitur]
368 3182 497 3232 subicitur
510 3181 564 3232 Vit.
578 3183 632 3234 Dr.

224 3248 268 3305 98.
301 3268 379 3318 quum
391 3252 479 3316 dixit]
497 3251 567 3317 quael
580 3251 653 3301 ‹lis-ir
668 3251 729 3303 Vet.
745 3280 778 3291 -
793 3271 852 3303 rum
867 3252 935 3303 dieis
947 3250 1056 3303 Ennius
1070 3253 1142 3311 vit.

192 3337 254 3371 aree
273 3329 298 3368 er
309 3320 372 3369 urbe
384 3320 448 3369 orbo
461 3317 534 3384 sum]
555 3317 591 3370 G.
606 3319 928 3374 Hermannusbeuevole
941 3335 1061 3374 mecum
1078 3320 1231 3377 communi

157 3388 231 3440 cavit
248 3388 292 3440 Fr.
309 3386 398 3439 Reizii
416 3387 558 3454 exemplar
574 3387 806 3453 ciceronianum,
833 3390 864 3441 in
885 3406 942 3461 quo
961 3387 1038 3442 haec
1058 3390 1101 3444 ad
1117 3392 1152 3451 h.
1166 3390 1232 3448 tet

117 3515 122 3525 Ι
155 3456 262 3526 scripta
276 3455 352 3508 vidi:
372 3456 464 3522 „Non
480 3455 514 3507 de
527 3454 646 3509 Romae
662 3459 752 3511 Gallis
769 3459 899 3525 incensa,
923 3466 956 3511 ut
971 3457 1131 3515 Gruterus
1151 3461 1231 3519 volut

155 3541 248 3578 sermo
263 3535 320 3593 eet,
347 3524 405 3576 imo
426 3525 462 3576 de
475 3524 561 3575 Troia
581 3523 710 3597 incensu,
734 3544 802 3580 nam
820 3528 901 3581 locus
922 3534 1015 3580 estex
1038 3530 1231 3585 Andromach

155 3592 244 3646 Ennii
259 3593 297 3647 ct.
309 3592 425 3647 Tuscul.
440 3593 496 3662 Qu.
511 3593 537 3657 8,
552 3596 592 3648 19.
611 3594 636 3661 §.
649 3596 693 3651 44.
729 3597 790 3667 Ego
807 3598 973 3650 Ciceronem
986 3605 1062 3664 puto
1077 3601 1231 3670 scripsisse:

62 3722 69 3733 Ι
154 3679 221 3715 arce
241 3671 270 3713 et
289 3663 360 3715 urbe
378 3660 540 3714 orbarum:
565 3662 621 3715 elio
644 3663 744 3731 modo,
770 3667 794 3719 si
809 3682 861 3732 pro
876 3664 966 3734 petris
980 3682 1082 3718 urcem
1100 3679 1137 3723 et
1151 3672 1231 3725 urim

154 3731 302 3784 dixisset.‘⁶
334 3730 417 3783 Vides
440 3731 597 3783 consentire
612 3732 740 3787 Reizium
760 3753 826 3789 cum
838 3733 989 3799 Lambiuo‚
1014 3737 1073 3787 etai
1095 3756 1157 3808 pro
1172 3746 1231 3795 seru
1250 3778 1254 3783 -

154 3798 267 3866 habeo,
291 3798 366 3852 hanc
382 3815 416 3851 ex
434 3799 549 3868 ingenio
571 3801 659 3854 Reizii
672 3803 786 3857 fluxisse
801 3803 1025 3870 restitutionem,
1050 3822 1120 3861 nors
1136 3824 1172 3861 ex
1185 3808 1232 3863 sn

154 3866 286 3921 Lambini
300 3885 360 3921 esse
373 3867 431 3921 huc
443 3869 618 3922 translatam.
635 3909 652 3933 .,
662 3881 722 3925 erut
736 3875 811 3925 enim
824 3873 867 3924 vir
882 3881 916 3924 ut
927 3871 1117 3929 beatissimus
1131 3876 1232 3943 inarmis

52 3965 55 3974 ·
155 3937 355 4007 doctrinaque,
373 3936 414 3988 sic
427 3955 526 4005 parum
539 3940 692 3993 instructus
707 3960 723 3994 e
737 3941 915 4012 supellectile
929 3940 1068 3997 tuereris.
1079 3948 1103 3981 ‘⁶
1133 3947 1233 3999 Andro·

42 4042 45 4047 ·
153 4005 255 4059 macha
274 4015 367 4060 autern
385 4004 484 4059 dixisse
496 4007 607 4059 videtur
623 4027 675 4078 pro
695 4013 776 4059 Trois
792 4023 831 4061 εει
844 4013 967 4073 insensu,
981 4028 1046 4062 orec
1057 4025 1086 4063 er
1099 4022 1174 4069 serbe
1186 4016 1233 4070 oris

69 4137 74 4144 ἱ
155 4095 223 4138 sum,
237 4085 286 4128 aut
299 4091 472 4144 consequens
486 4094 538 4144 pro
552 4094 585 4129 eo
599 4079 674 4148 quod
688 4079 801 4148 proprie
817 4078 1003 4148 significatur.
1023 4098 1097 4135 cum
1108 4102 1184 4139 vcro
1197 4098 1233 4155 pu

154 4144 245 4212 patria
266 4161 360 4197 arcem
384 4153 412 4197 et
431 4145 529 4198 urbem
551 4145 681 4214 dixisset,
705 4147 973 4217 metaphorarum,
992 4149 1074 4216 quod
1089 4153 1195 4210 simile
1207 4160 1234 4205 est

131 4213 137 4223 '
153 4213 289 4285 quiddam
309 4213 368 4284 illi,
394 4215 469 4270 unde
487 4215 673 4276 transtuleris.
693 4246 727 4259 -
745 4236 831 4273 arcem
849 4229 876 4275 ct
896 4218 985 4271 urbem
1006 4221 1092 4274 orbae
1116 4226 1179 4281 vn.
1195 4226 1233 4279 Dr.

538 2905 624 2957 uiuet.
641 2906 718 2973 VIII,
727 2911 753 2973 6,
768 2908 811 2962 λδ.
839 2909 918 2989 „Nec
926 2905 1023 2974 procul
1034 2909 1073 2958 ab
1090 2914 1149 2960 hoc
1160 2924 1230 2989 gno}
