2692 5018
304 257 373 323 AD
408 256 637 326 MARCUM
668 260 902 331 BRUTUM.
1098 276 1142 340 99

64 408 179 496 inquit
199 378 349 483 Ennius.
373 414 408 475 et'

193 546 231 610 In
258 544 374 630 templis
394 544 486 608 isdsrn

63 680 237 777 probavit
263 693 299 747 at
330 680 461 746 eisdem
494 692 566 749 erat
594 682 726 767 verius,
755 705 817 750 neo
845 694 958 752 tamen
987 687 1140 772 [eisdem

63 782 220 873 opimius.
257 784 346 851 Male
359 782 521 867 sonabat,
544 784 694 869 iisdem]
715 784 932 873 impetratum
949 801 997 853 est
1015 815 1034 855 a
1055 815 1139 871 con-,-

62 885 258 965 suetudine,
285 890 325 950 'ut
353 908 492 973 peccare
520 888 696 953 suavitatis
726 907 824 951 rausa
845 885 970 955 liceret.
1013 893 1056 957 Et
1072 917 1139 981 po-

62 986 281 1055 meridianas
309 986 501 1077 quadrigas
527 1012 624 1076 quam
657 985 951 1077 postmeridianas
980 992 1140 1075 libentius

63 1088 222 1169 dixerim,
236 1102 269 1156 et
284 1090 478 1155 mehercule
493 1110 592 1172 quam
608 1090 826 1156 mehercules.
849 1089 932 1156 Non
943 1093 1032 1159 seire
1048 1096 1141 1180 quid-

63 1191 143 1257 dam
156 1191 337 1256 barbarum
359 1191 520 1258 nimirum
534 1189 658 1255 habere
679 1191 823 1270 videtur,
845 1193 977 1258 nescire
1001 1196 1139 1279 dulcius.

63 1292 179 1379 Ipsum
194 1291 387 1372 meridiem,
396 1315 458 1357 cur
475 1315 544 1357 noa
560 1290 776 1357 medidiem?
790 1294 887 1358 credo
903 1298 1069 1379 quoderat
1085 1298 1140 1364 in-

66 1392 211 1460 suavius.
235 1395 312 1460 Una
332 1392 531 1482 praepositio
555 1404 605 1457 est
627 1392 689 1458 abs
710 1417 815 1480 eaque
836 1419 927 1462 nuno
948 1411 1078 1464 tantum
1101 1402 1201 1469 in158

66 1496 190 1584 accepti
211 1496 331 1560 tabulis
354 1508 468 1561 manet
495 1496 611 1561 uehis
633 1495 770 1581 quidem
793 1498 966 1562 omniurn:
995 1500 1031 1566 in
1054 1504 1139 1566 reli:

62 1618 131 1687 quo
152 1620 308 1664 sermone
327 1610 457 1666 mutata
480 1611 539 1667 est.
594 1599 681 1665 Nam
703 1599 835 1667 amovit
855 1598 997 1667 dicimus
1020 1612 1053 1668 et
1075 1603 1154 1669 air-¹

59 1827 272 1845 m

99 2026 265 2092 impetratum
278 2028 335 2093 en]
354 2025 502 2099 Angustia.
516 2025 551 2080 do
567 2036 715 2095 mammet.
728 2045 754 2095 p.
763 2027 842 2082 2007.
860 2023 904 2080 ed.
918 2025 1033 2082 Putsoh.
1043 2029 1134 2096 tmpe-

59 2105 161 2145 tretum
178 2107 250 2145 esta
266 2100 384 2157 ratione,
402 2110 431 2147 ut
442 2114 551 2165 pessare
563 2101 705 2148 suavitatis
718 2114 800 2147 eausa
816 2096 917 2150 liceret.

93 2164 309 2231 pomeridianas]
328 2166 421 2217 Velim
443 2169 534 2235 Long.
555 2184 583 2236 p.
596 2167 682 2220 2237:
702 2168 867 2234 ‚stupuerim
888 2176 927 2216 est
947 2180 1132 2232 nonnunquam

60 2230 198 2297 elegantia
215 2236 376 2285 eruditorum
391 2236 460 2303 quod
479 2237 608 2301 quasdam
627 2236 719 2286 literas
740 2233 861 2285 lenitatis
880 2251 964 2284 eausa
979 2235 1132 2299 omiserunt,

59 2303 130 2353 sieut
144 2302 249 2367 cicero,
267 2314 297 2353 ut
310 2306 394 2354 verbis
409 2305 492 2371 ipsius
504 2316 617 2368 utamur,
634 2304 923 2373 posmeridianas
940 2320 1041 2371 quoque
1054 2310 1134 2369 pua&

60 2370 220 2489 gripun
240 2373 342 2441 inquit,
388 2372 576 2423 libentius
614 2375 768 2424 dixerim
806 2390 899 2440 quam
947 2371 1133 2440 postmeri-

88 2456 200 2489 sanou
1127 2454 1130 2461 ·

95 2524 145 2557 non
160 2509 228 2557 seire
241 2508 367 2574 quiddam
379 2506 541 2574 bertanem]
559 2505 739 2575 Sieseripsie
753 2505 808 2558 vit.
822 2526 913 2558 -non
928 2505 995 2556 seire
1007 2505 1133 2574 quiddam

61 2575 201 2627 liniarum
229 2579 351 2627 nimirum
375 2580 479 2627 videtur
502 2576 565 2629 Tut.
591 2603 625 2618 -
652 2578 793 2627 barbarum
817 2577 871 2627 iam
908 2575 1002 2626 dobere
1029 2578 1133 2625 videtur

58 2644 121 2697 Vei.
135 2644 177 2697 st.
191 2665 285 2695 —non
298 2650 366 2697 seire
381 2648 483 2714 quidem
496 2646 638 2696 bardarum
653 2649 708 2696 iam
720 2648 823 2696 videtur
835 2645 938 2697 Ceteri·

92 2717 179 2781 ipsum
192 2713 343 2782 meridiem]
362 2716 448 2779 ipsum
462 2717 595 2766 meridiem
611 2717 723 2765 dicimus
737 2734 782 2765 eur
795 2733 844 2764 non
858 2714 994 2765 medidiem
1012 2707 1132 2763 Med.—

58 2783 144 2852 ipsum
156 2785 291 2834 meridiem
306 2786 427 2849 dicimus,
439 2800 492 2832 non
509 2787 575 2836 med.
591 2783 656 2834 Tul.
668 2814 704 2822 —
716 2786 775 2832 Iam
787 2784 889 2832 videtur
901 2783 1002 2833 nescire
1018 2779 1132 2831 dulcius·

59 2855 146 2917 ipsum
156 2853 291 2903 meridiem
306 2870 416 2903 eurnon
435 2853 573 2903 medidiem
595 2854 704 2903 Nonius
728 2870 754 2905 r.
769 2853 898 2902 meridies.
919 2850 957 2902 of.
982 2851 1071 2901 Varro
1094 2848 1129 2902 L.

59 2920 265 2987 L.V1.p.186·
286 2922 438 2986 „Meridies
453 2922 488 2971 ab
503 2924 613 2990 eoquod
628 2925 727 2970 medius
742 2923 807 2972 dies.
833 2922 862 2969 D
875 2920 981 2987 antiqui
993 2937 1045 2969 non
1061 2920 1086 2967 11
1102 2921 1131 2966 in

62 2987 113 3038 itae
124 2990 257 3057 dicebam,
274 3002 305 3039 ut
319 2993 460 3040 Praeneste
479 2992 592 3040 inrisum
607 2993 635 3039 in
651 2990 749 3040 solario
764 2990 849 3041 vidi.“
870 2988 984 3057 Quinet.
1006 2993 1030 3050 l,
1045 2987 1071 3052 6,
1085 2986 1129 3039 30.

81 3058 167 3177 ,914οέ
178 3069 234 3176 ἵνα
251 3060 408 3121 insuavius]
432 3060 508 3109 credo
525 3058 629 3109 dulcius
642 3061 726 3128 ipsura
741 3060 874 3107 meridiem
884 3058 954 3125 quod
966 3067 1024 3107 erat
1038 3057 1130 3105 instea-

58 3143 120 3177 urus
163 3141 199 3178 e.

129 3195 189 3248 158.
212 3195 267 3260 abs,
276 3194 370 3261 eaque]
382 3194 428 3246 Sic
440 3194 455 3245 J
457 3197 515 3248 ud.
526 3194 675 3263 Cr.Steph.
683 3195 714 3245 L.
723 3195 791 3246 Etn.
802 3189 854 3247 Or.
863 3193 948 3256 -at‚
963 3210 1044 3258 eapite
1052 3189 1130 3243 Med.

56 3263 101 3315 Ju.
113 3264 138 3317 1.
155 3262 318 3318 Altitvict.
335 3263 529 3320 Grut.Schell.
540 3265 622 3316 Obss.
641 3283 667 3333 p.
678 3267 720 3318 61.
731 3262 845 3314 Rsmsh.
860 3262 920 3313 Lat.
929 3262 979 3312 Gr.
995 3260 1130 3326 past.-

57 3334 116 3385 oin.
132 3334 179 3383 obs
191 3333 248 3386 Vit.
267 3334 319 3385 Dr.
334 3333 402 3388 Vsu.
419 3336 443 3387 1.
458 3335 483 3386 2.
497 3332 561 3386 Tul.
579 3334 665 3385 Aliter
686 3333 729 3383 his
749 3332 782 3382 de
800 3331 881 3382 rebus
897 3329 1033 3381 iudicavit
1046 3329 1132 3381 Cice·

56 3417 100 3469 ro,
110 3401 192 3455 alitor
198 3402 296 3469 Varro,
304 3400 386 3453 aliter
394 3402 569 3471 grensmstioi
579 3403 756 3471 posteriores.
765 3409 797 3452 ut
805 3399 879 3450 enim
889 3415 973 3466 supra
981 3399 1007 3465 ἕ.
1018 3399 1131 3452 15110-

57 3470 282 3539 cauponatum
293 3487 346 3538 pro
361 3472 452 3537 prima
474 3488 508 3522 ao
528 3472 644 3540 propris
669 3470 761 3522 forms
778 3470 862 3520 hebet
884 3468 995 3534 Cicero,
1020 3466 1131 3534 paulum

55 3554 110 3611 pro
125 3539 266 3607 derivata,
285 3540 445 3591 Priscianus
458 3555 525 3591 vero
547 3540 698 3609 pauxillum
718 3556 751 3590 ex
768 3537 874 3606 paulum
897 3536 1053 3586 derivatum
1070 3550 1130 3587 esse

54 3617 155 3730 putat,
172 3609 214 3659 sio
224 3608 254 3662 h.
266 3608 287 3662 1.
300 3609 348 3658 abs
363 3607 588 3678 antiquissimam
604 3625 663 3661 esse
675 3608 796 3661 formam
809 3605 1023 3677 praepositionis
1039 3604 1131 3674 signi-

79 3684 126 3729 est
140 3676 253 3729 noster:
272 3677 321 3729 atii
339 3686 433 3729 sutem
446 3678 490 3728 ab.

89 3748 121 3797 in
141 3750 247 3815 accepti
266 3746 384 3817 tabulis]
417 3749 445 3798 irs
473 3747 590 3816 acceptis
615 3744 715 3797 tabulis
745 3746 797 3798 Dr·
821 3747 891 3798 Ven.
914 3743 939 3796 1.
967 3770 1001 3781 —-
1048 3758 1130 3810 eaqrce

54 3833 127 3865 nurse
139 3827 245 3865 tontum
256 3818 284 3866 in
300 3816 418 3885 dereptis
435 3815 534 3867 tabults
551 3816 723 3866 moneteneis
740 3815 860 3881 quidem.-
890 3812 961 3863 omni
983 3816 1012 3862 in
1031 3812 1128 3878 reliquo

54 3902 172 3935 sermone
185 3897 292 3935 mutato
310 3895 349 3934 est
362 3882 439 3937 Med.
455 3912 491 3925 ·-·
508 3887 536 3935 in
554 3886 671 3951 arreptis
685 3882 784 3933 tabuiis
797 3892 885 3941 maaet
899 3899 931 3932 ne
948 3897 1005 3932 eam
1025 3882 1128 3950 quidem

55 3954 180 4006 omnium.
196 3954 262 4006 Tul.
273 3954 342 4008 Ven.
355 3957 381 4008 2.
400 3952 437 4007 oi.
457 3952 517 4005 vel.
535 3955 625 4021 Long.
644 3971 672 4021 p·
691 3949 767 4007 2224.
813 3986 832 4015 ,‚
844 3950 969 4013 Quotiens
990 3962 1127 4015 acceptam

52 4024 196 4092 pecuniam
211 4021 377 4094 referebant,
395 4041 448 4072 non
462 4025 586 4074 dicebant
600 4040 619 4072 a
630 4024 738 4090 Longo,
762 4021 808 4069 sed
821 4021 855 4069 ab
867 4021 962 4089 Longo
986 4020 1060 4087 (lege
1080 4020 1127 4066 abs

53 4091 181 4161 Longo:
199 4103 226 4144 et
241 4093 284 4143 ait
304 4091 430 4157 (Cicero)
448 4090 600 4163 religionem
617 4092 687 4143 itane
709 4088 841 4141 scribendi
856 4090 929 4156 apud
947 4088 1127 4157 paucissimos

54 4162 212 4213 remansisse
226 4159 331 4212 saeculo
350 4161 428 4216 euo.“

89 4248 125 4283 us
138 4229 482 4300 disqutdem1mshitq.
501 4228 695 4301 Gryph.1.L.
709 4256 744 4269 -
758 4242 792 4278 ae
809 4224 944 4362 negiszq,
957 4224 1025 4280 Ern.
