2692 5018
173 261 235 322 142
572 272 580 285 ‘
605 247 821 318 ORATOR

171 428 257 495 quae
286 404 353 469 sint
379 400 435 468 illa
468 423 553 488 quae
582 424 684 491 supra
713 403 783 468 dixi
814 403 932 486 incisa,
962 427 1047 491 quae
1075 407 1242 473 membra.

89 505 93 514 '
170 511 260 577 Haec
288 507 377 571 enim
405 507 440 568 in
466 505 557 569 veris
589 507 696 570 causis
720 505 905 571 maximam
926 521 1057 593 partem
1081 508 1243 576 orationis

153 605 330 677 obtinent.
375 607 513 671 Constat
540 608 630 672 enim
662 607 719 672 itte
739 609 885 674 ambitus
907 621 941 673 et
961 612 1060 698 plena
1082 635 1242 698 compre.

149 712 286 780 'hensio
308 733 327 773 e
352 720 497 794 quatuor
516 708 587 774 fere
609 709 776 796 partibus,
807 734 893 797 quae
913 713 1065 777 membra
1087 712 1242 794 dicimus,

167 826 264 882 utet
294 833 392 876 aures
422 811 562 898 impleat
592 821 625 875 et
655 832 699 874 ne
722 810 859 876 brevior
887 813 931 879 sit
957 836 1059 900 quam
1085 814 1163 879 satis
1199 815 1244 880 ait

166 936 277 1000 neque
299 913 441 999 longior.
486 912 693 1000 Quanquam
716 923 902 1001 utrumque
916 917 1243 1001 nonnunquamvel

165 1019 278 1106 potius
300 1037 399 1102 saepe
421 1014 558 1096 accidit,
590 1027 629 1080 ut
658 1028 718 1080 aut
746 1017 840 1081 citius
869 1016 1086 1082 insistendum
1114 1018 1160 1084 sit
1181 1030 1243 1084 aut

163 1121 294 1206 longius
318 1118 592 1204 procedendum,
615 1139 659 1181 ne
685 1116 829 1182 brevitas
854 1119 1044 1183 defrudasse
1065 1144 1164 1185 aures
1187 1120 1242 1186 vi-

166 1223 286 1288 deatur
313 1242 379 1285 neu
406 1219 582 1305 longitudo
615 1219 796 1284 obtudisse.
839 1219 903 1286 Sed
926 1222 1034 1286 habeo
1056 1224 1242 1289 mediocri·

152 1325 240 1389 tatis
259 1320 441 1397 rationem3
472 1343 534 1386 neo
560 1322 650 1386 enim
671 1324 793 1409 loquor
819 1322 862 1386 de
886 1345 1008 1402 versu,
1031 1335 1063 1388 et
1085 1337 1134 1389 cst
1156 1326 1240 1390 libe·

100 1431 156 1488 222
168 1427 240 1491 rior
262 1426 430 1508 aliquanto
462 1422 578 1487 oratio.
628 1426 656 1491 E
684 1437 828 1511 quatuor
855 1424 974 1511 igitur,
1005 1426 1099 1513 quasi
1127 1426 1239 1492 hexa-

163 1538 352 1594 metrorum
382 1525 488 1589 instar
512 1546 673 1592 versuum
700 1528 787 1613 quod
812 1527 871 1606 sit,
902 1536 1031 1592 constat
1050 1523 1117 1590 fere
1135 1528 1236 1614 plena

164 1624 428 1714 comprehensio.
480 1625 539 1690 His
565 1624 668 1708 igitur
694 1628 830 1713 singuiis
857 1625 1006 1693 versibus
1033 1629 1127 1713 quasi
1153 1628 1234 1693 nodi

164 1742 328 1820 apparent
357 1727 634 1809 continuationis,
671 1730 809 1815 quasin
840 1729 967 1796 ambitu
992 1729 1236 1818 coniungimua.

153 1835 223 1902 -Sin
252 1829 466 1898 membratim
485 1830 643 1895 volumus
661 1832 786 1910 dicere,
811 1831 1011 1906 insistimus,
1032 1829 1136 1919 idque
1158 1855 1236 1896 oum

162 1958 244 2024 opus
272 1945 337 2015 est,
371 1932 412 1997 ab
439 1933 503 1997 isto
533 1953 630 1996 cursu
661 1934 828 1999 invidioso
861 1932 957 1998 facile
985 1954 1046 1997 nos
1078 1945 1112 1997 et
1136 1956 1237 2020 saepo

161 2038 395 2125 disiungimur.
462 2034 527 2104 Sed
558 2033 642 2100 nihil
676 2047 746 2101 tam
775 2034 876 2100 debet
904 2055 975 2098 esse
1011 2055 1235 2098 numerosum

152 2141 260 2226 'quam
293 2140 372 2214 hoe,
408 2137 495 2223 quod
523 2136 663 2202 minime
690 2149 828 2226 apparet
855 2147 889 2202 et
919 2136 1009 2201 valet
1034 2135 1233 2222 plurimum.

158 2244 214 2310 Ex
231 2234 294 2306 hoc
318 2261 441 2327 genere
459 2238 542 2302 iilud
567 2250 615 2304 est
636 2239 765 2306 Crassi:
794 2239 920 2306 Missos
940 2237 1088 2327 fociant
1109 2250 1236 2326 patro·

158 2367 237 2424 noa,
261 2343 327 2435 ipsi
345 2340 526 2431 prodeant.
568 2342 638 2409 Nisi
653 2341 831 2409 intervallo
848 2341 994 2415 dixisset,
1009 2374 1053 2389 -
1068 2338 1138 2427 ipsi
1143 2363 1233 2429 pro·

160 2525 369 2542 ..-

196 2647 298 2716 incisu,
317 2651 401 2720 quae]
418 2651 554 2719 incisoque
571 2655 639 2707 Ven.
655 2653 678 2706 1.
695 2653 721 2704 2.

197 2726 226 2772 in
239 2724 307 2771 veris
319 2720 425 2786 causis]
444 2722 472 2770 in
486 2722 574 2770 causis
587 2724 653 2771 ueris
669 2721 738 2772 Veu·
754 2721 777 2773 1·
791 2719 817 2774 2.
833 2715 912 2771 Med.
929 2716 994 2768 Tul.

197 2789 386 2857 comprehensio
403 2807 416 2837 e
431 2795 558 2854 quotuor]
577 2808 599 2841 c.
613 2801 638 2839 et
662 2799 772 2856 quatuor
791 2789 841 2838 Dr.
853 2816 886 2826 -
908 2783 1098 2853 comprehensio
1112 2783 1176 2854 sere
1194 2798 1235 2837 est

163 2870 278 2928 quatuor
290 2859 411 2925 partibus
426 2855 502 2908 Med.
515 2884 548 2895 -
560 2876 583 2909 e.
600 2877 613 2905 e
621 2855 686 2925 fere
705 2867 819 2924 quatuor
838 2877 865 2925 p.
881 2857 949 2906 Ven.
959 2859 982 2910 l·
996 2855 1022 2908 2·
1040 2883 1068 2893 -
1085 2873 1108 2910 c.
1115 2853 1184 2926 sere
1200 2875 1235 2906 ex

163 2938 288 2997 quattuor
300 2946 327 2994 p.
343 2924 408 2977 Tul.
424 2953 460 2965 —
477 2929 634 2994 comprensio
649 2925 704 2976 vit.
718 2927 757 2992 (et
769 2924 810 2976 sic
822 2924 861 2992 4.)

197 2993 273 3062 eine]
292 3006 317 3044 et
328 3013 390 3044 neve
404 2993 460 3044 vit.
472 2995 524 3046 Dr.
542 2994 612 3046 vict.
630 2993 747 3045 Malim:
767 3007 792 3045 et
804 3014 851 3044 neo
866 2993 1023 3046 breviante.

194 3083 274 3130 neque
290 3060 410 3132 longior]
429 3082 490 3113 neue
504 3063 608 3128 longior
624 3079 682 3133 mg.
701 3061 777 3118 1584·
794 3062 859 3116 Scit.
880 3061 931 3115 Or.
964 3119 970 3128 ,

167 3166 171 3174 ·
193 3145 241 3184 aut
258 3131 381 3202 longius]
400 3143 430 3181 ut
447 3130 518 3201 long.
536 3133 589 3184 Dr.

192 3201 367 3271 defrudasse]
387 3201 438 3254 Dr.
457 3200 629 3270 defraudasse
637 3199 739 3254 Ceteri.

193 3291 243 3320 neu
260 3268 414 3339 longitudo]
433 3269 487 3321 vit.
506 3289 567 3320 neve
585 3271 686 3321 Ceteri.

193 3340 418 3406 hexametrorum]
447 3351 664 3389 extrametrorum
689 3339 758 3389 Ven.
789 3340 812 3391 1.
833 3338 860 3390 2.
887 3335 1003 3405 Quinct.
1023 3335 1080 3398 IX,
1105 3331 1141 3401 4,
1172 3334 1231 3390 125.

160 3410 268 3476 „Habet
279 3409 401 3476 periodus
415 3409 528 3457 membru
543 3409 684 3458 mimimum
697 3409 758 3458 duo.
784 3408 891 3456 Metitur
904 3423 1024 3456 ursmarus
1045 3406 1151 3454 videtur
1165 3424 1233 3473 ‹pua-

160 3491 235 3542 tuor,
253 3480 299 3527 sed
311 3477 404 3543 recipit
417 3475 570 3546 frequentur
581 3489 606 3526 et
615 3474 704 3544 plura.
727 3477 827 3525 Modus
842 3477 867 3524 ei
880 3494 897 3523 n.
913 3477 1034 3526 Cicerone
1051 3484 1098 3523 aut
1118 3487 1232 3542 quotuor

158 3548 272 3598 senariis
285 3546 399 3596 versibus
412 3555 461 3594 aut
479 3547 562 3611 ipsius
579 3548 687 3610 spiritus
709 3547 784 3596 modo
803 3545 987 3596 terminatus.“

224 3617 284 3670 229.
321 3616 407 3663 instar
420 3619 556 3678 uersuum]
576 3614 741 3667 instatVen.
764 3615 791 3667 2.
816 3640 846 3654 -
865 3632 964 3665 versum
976 3612 1029 3664 Dr·

208 3688 259 3735 uod
276 3681 330 3750 sit]
351 3700 417 3751 quae
434 3685 486 3730 sint
505 3684 536 3733 L.
557 3684 658 3751 auspic.

190 3705 232 3802 his
250 3754 335 3820 igitur
351 3750 481 3820 singulis]
507 3751 549 3802 his
572 3753 600 3803 in
622 3749 734 3814 singulis
750 3751 783 3804 L.

190 3840 253 3891 qrios
272 3821 316 3888 in]
336 3823 405 3889 quod
422 3824 450 3870 in
467 3821 519 3871 Dr.

188 3889 319 3958 autumus]
340 3888 458 3941 nolumus
478 3890 510 3944 L.

189 3957 351 4080 ingialpimus]
369 3974 396 4012 v.
409 3959 476 4011 Era.
492 3960 555 4012 Lex.
569 3958 622 4011 Rh.
636 3956 665 4019 h,
682 3975 708 4012 v.
727 3984 760 3998 -
773 3957 923 4009 incidimus.
943 3959 1038 4025 Itaque
1065 3975 1145 4026 mum
1162 3977 1227 4028 opus

155 4038 195 4078 m
234 4045 248 4079 C
271 4061 278 4077 ι
297 4043 343 4081 sut
365 4064 372 4078 ι

102 4094 104 4098 ’
188 4043 363 4164 disiungimiii
400 4097 563 4166 diiungimus
577 4096 629 4149 Dr.
644 4095 713 4151 Ven.
730 4094 755 4150 1·
772 4094 850 4149 Med.
870 4093 944 4152 Vitat.
965 4095 1045 4152 Mau.

79 4169 81 4173 ’
189 4165 259 4217 illus
272 4166 328 4302 esp]
347 4163 416 4217 itud
430 4179 456 4217 et
473 4168 525 4218 Dr.

115 4290 118 4295 ,
189 4237 301 4287 dixisset
337 4235 450 4286 dixisses
463 4235 547 4290 Grut.
561 4249 657 4288 errore
669 4229 837 4304 typograph.
