2692 5018
204 240 282 357 28'
633 278 857 348 outrou

203 439 354 530 personis
376 438 420 504 ad
440 436 592 504 universi
614 434 742 523 generis
773 435 960 501 orationem
989 433 1147 502 traducta
1171 438 1302 526 appel-

203 543 293 610 latur
319 536 421 620 θέσις.
480 544 519 608 ln
550 543 612 606 hac
641 537 834 604 Aristoteles
873 537 1088 604 adolescentis
1139 562 1218 605 non
1258 541 1301 606 ad

203 645 483 734 philosophorum
507 665 638 709 morem
660 641 807 707 tenuiter
836 640 1037 720 disserendi,
1070 641 1130 706 sed
1165 643 1213 708 ad
1238 666 1300 708 co-

204 748 295 837 piam
329 747 505 812 rhetorum
546 746 582 810 iu
619 754 800 830 utramque
838 754 969 830 partem
1000 753 1039 806 ut
1075 744 1242 811 ornatius
1268 756 1300 811 ct

202 846 341 913 uberius
365 847 429 914 dici
450 860 581 936 posset,
605 847 774 912 exercuit:
813 845 970 932 idemque
993 845 1082 912 locos
1108 847 1176 928 (sio
1200 848 1297 914 enim

202 950 358 1037 appellat)
381 950 473 1035 quasi
493 961 773 1035 argumentorum
794 960 891 1012 notas
916 946 1082 1039 tradidit.
1096 950 1197 1037 uude
1223 976 1299 1018 om-

141 1066 180 1132 15
203 1052 253 1114 nie
276 1052 308 1115 iu
332 1064 508 1138 utramque
537 1063 669 1142 partem
697 1051 890 1118 traheretur
917 1050 1035 1117 oratio.
1086 1053 1208 1118 Facile
1232 1056 1300 1142 igi-

202 1164 260 1217 tur
286 1153 340 1218 hio
369 1165 503 1234 noster,
548 1158 631 1240 (non
662 1155 752 1219 enim
783 1153 1040 1218 declamatorem
1072 1158 1232 1242 aliquem
1257 1159 1298 1224 de

144 1257 179 1315 47
201 1255 281 1320 ludo
303 1268 363 1320 aut
383 1255 536 1321 rabulam
561 1259 603 1321 de
625 1255 709 1330 foro,
733 1257 792 1320 sed
814 1255 1043 1320 doctissimum
1061 1268 1094 1322 et
1111 1259 1298 1344 perfectis·

201 1357 326 1422 simum
349 1357 553 1442 quaerimus)
584 1361 741 1446 quoniam
774 1359 838 1424 loci
869 1359 953 1447 certi*
971 1359 1177 1443 traduntur,
1214 1386 1299 1452 per·

202 1472 315 1525 curret
337 1483 469 1536 omnes,
507 1472 621 1526 utetur
648 1464 751 1548 aptis,
786 1461 971 1545 generatim
1002 1462 1105 1527 ‹licetr
1146 1485 1197 1528 ex
1229 1485 1298 1549 quo

202 1575 360 1627 emanant
383 1562 500 1641 etiam,
542 1562 597 1648 qui
628 1585 827 1628 communes
857 1566 1069 1651 appellantur
1095 1565 1176 1633 loci.
1227 1568 1297 1634 Neo

200 1689 282 1729 vero
305 1676 419 1729 utetur
441 1666 674 1754 imprudenter
695 1667 759 1731 lrao
789 1665 900 1754 copia,
934 1665 989 1731 sed
1013 1668 1130 1732 omnia
1154 1691 1297 1757 expen-

121 1771 124 1781 “
201 1767 255 1832 det
290 1778 324 1832 et
358 1767 483 1852 seliget.
547 1767 622 1834 Non
653 1769 743 1836 enim
774 1791 923 1854 semper,
961 1791 1023 1837 neo
1054 1766 1088 1832 in
1125 1771 1297 1835 omnibus

201 1869 305 1935 causis
327 1893 370 1935 ex
397 1870 513 1935 iisdem
542 1873 658 1935 eadem
689 1883 966 1957 argumentorum
998 1882 1178 1936 momenta
1204 1882 1296 1938 sunt

146 1979 181 2036 ts
202 1972 365 2038 Iudicium
388 1971 489 2060 igitur
511 1973 702 2056 adhibebit,
733 1996 795 2044 uec
816 1973 965 2046 inveniet
985 1975 1096 2043 solum
1120 1975 1217 2062 quid
1245 1975 1297 2042 di-

209 2137 418 2153 m

230 2245 384 2315 orationem]
405 2249 533 2297 rationem
549 2247 640 2301 leol.
653 2247 787 2315 Purgold.
801 2248 838 2301 cf.
853 2250 878 2319 ἕ.
888 2250 945 2306 125.

234 2315 325 2383 θέσις]
344 2314 440 2384 steph.
457 2317 519 2383 (lex.
535 2319 625 2373 Cicer.
642 2318 693 2373 Gr.
710 2319 786 2387 Lat.)
802 2318 851 2373 Or.
860 2346 894 2358 -ι
912 2322 1014 2372 Graece
1026 2318 1189 2391 appellatur
1202 2320 1291 2385 θέσις.

200 2386 265 2439 sch.
279 2390 305 2441 2.
324 2417 359 2425 -
376 2387 457 2436 rhesis
471 2387 572 2441 Ceteri.
607 2389 692 2440 Dera
705 2386 768 2439 vide
785 2390 853 2460 Qut.
868 2391 975 2457 11,1.9.
994 2387 1052 2445 Cic.
1062 2388 1096 2439 de
1114 2389 1170 2442 Or.
1182 2392 1290 2461 111‚³o

234 2459 262 2507 in
277 2455 344 2524 liae]
366 2457 392 2504 in
407 2457 456 2504 lroc
471 2457 525 2508 Gu.
542 2460 565 2510 1.

234 2526 427 2590 adolescentis]
445 2525 499 2575 vu.
513 2523 731 2576 *adolescentes
742 2525 844 2582 Ceteri.
867 2528 970 2580 Utrum
985 2525 1055 2578 haee
1069 2543 1106 2577 an
1122 2524 1178 2579 illa
1194 2528 1290 2583 forma

198 2595 326 2662 eligenda
342 2594 390 2660 sit,
410 2593 445 2644 ad
459 2595 567 2646 aurium
583 2592 756 2660 voluptatem
775 2604 901 2663 spectet,
928 2608 955 2653 et
968 2597 1003 2648 ab
1016 2595 1051 2647 tis
1065 2595 1229 2650 diiudicari
1246 2600 1290 2652 de-

198 2663 258 2719 bet.
294 2668 376 2716 Auet.
392 2663 428 2713 ad
445 2664 566 2714 Herenn.
581 2664 605 2726 I,
621 2664 663 2723 11,
679 2662 704 2714 6.
741 2665 791 2726 „Si
812 2664 856 2715 lex
871 2669 925 2732 sit,
944 2685 1011 2733 quae
1026 2666 1135 2732 iubeat,
1156 2687 1228 2730 eos,
1246 2669 1290 2738 qui

197 2744 304 2802 propter
312 2742 490 2800 tempestatem
502 2733 613 2783 navim
626 2729 794 2797 reliquerint,
813 2737 902 2784 omnia
912 2738 1035 2803 perdere:
1055 2753 1144 2785 eornm
1163 2755 1237 2786 nav
1246 2755 1289 2787 em

199 2815 337 2868 ceteraque
349 2819 418 2862 esse,
436 2803 461 2850 ei
470 2805 545 2851 nauis
559 2811 712 2851 conservata
721 2802 771 2866 eit,
792 2805 837 2870 qui
845 2805 1014 2854 remanserint
1026 2805 1054 2853 in
1063 2806 1135 2854 naui.
1167 2808 1289 2875 Magni·

198 2873 290 2920 tudine
302 2871 463 2936 tempestatis
476 2889 561 2920 omncs
573 2869 711 2936 perterriti
725 2889 841 2921 navem
856 2872 1046 2941 reliquerunt.⁴‘
1064 2871 1110 2925 Sic
1118 2873 1199 2928 Cod.
1209 2876 1287 2944 Lipt.

199 2937 236 2990 cf·
252 2937 304 2994 inf·
317 2939 343 3006 S.
354 2940 398 2991 72.
418 2941 592 3007 grammatici
604 2940 631 2987 in
643 2940 744 3006 poetic,
768 2939 915 3012 eloquentes
933 2944 961 2998 in
982 2944 1052 2991 omni
1070 2949 1126 3005 eto,
1150 2932 1220 2998 noll
1236 2946 1289 2998 elo·

198 3010 312 3078 quentir.
331 3015 358 3057 et
374 3009 446 3075 §.74¹
460 3010 502 3062 96.
519 3010 578 3063 106.
996 3022 1005 3039 '

233 3079 269 3128 ad
285 3077 402 3144 copiam]
421 3094 476 3128 om.
494 3081 596 3135 copiam
611 3073 683 3135 Kob,

231 3147 394 3212 centerius]
415 3158 443 3195 ut
461 3148 503 3198 ub.
520 3148 586 3198 Van.
604 3148 627 3199 1.

232 3216 289 3267 dici
298 3216 404 3284 poscet]
426 3215 535 3286 Gryph.
546 3218 573 3269 Ξ.
593 3215 624 3266 L.
640 3213 707 3266 Ern.
726 3212 777 3268 Or.
795 3244 830 3256 -
848 3219 934 3285 poerit
948 3217 1049 3273 Ceteri.

268 3286 336 3354 Cap.
356 3284 396 3339 15.
433 3283 476 3338 47.
509 3281 648 3349 rabulam]
668 3282 721 3333 vid.
735 3284 844 3337 Nouius
858 3305 880 3342 s.
893 3305 919 3337 r.

198 3357 322 3422 quoniam
333 3354 390 3405 Ioci
402 3361 467 3404 certi
478 3383 511 3393 -
523 3353 593 3419 loci]
612 3352 659 3404 Slc
669 3352 744 3420 Llpt.
753 3353 816 3411 Ver.
827 3356 936 3423 L.Il,7.
953 3353 1092 3425 mg.1584.
1102 3353 1176 3409 Ern.
1186 3357 1289 3414 Or.-

197 3426 346 3488 quaerimue
366 3436 396 3473 ut
417 3423 568 3492 quoniaml.
580 3442 603 3472 c.
619 3433 658 3485 t.‚
678 3436 815 3488 percurrat
837 3429 935 3490 omnir,
960 3437 1053 3476 utatur
1072 3425 1205 3493 (utantur
1223 3430 1287 3494 Dr.)

198 3496 279 3560 aptis.
297 3497 444 3560 generatim
464 3495 539 3545 dieat
553 3511 586 3542 ex
600 3510 649 3557 qno
661 3503 779 3542 emanent
795 3494 847 3546 Dr.
865 3495 920 3546 Gu·
933 3498 956 3548 1.
970 3497 995 3547 2.
1004 3495 1072 3546 Van.
1087 3497 1112 3546 2.
1130 3495 1204 3552 Tul,
1213 3498 1287 3550 item

197 3562 256 3617 Vit.
271 3579 324 3613 om·
348 3563 429 3629 aptis,
445 3590 479 3600 —
498 3563 620 3630 quoniam
640 3558 658 3610 l.
677 3581 699 3616 e.
717 3570 760 3624 tr.‚
779 3575 915 3626 percurrat
931 3583 954 3618 o.
968 3575 1060 3613 utatur
1073 3564 1146 3630 aptis
1163 3582 1288 3633 genera·

197 3635 261 3683 tim:
280 3634 354 3681 dieat
368 3649 402 3681 ex
412 3653 438 3700 q.
456 3641 579 3682 emanant
595 3629 664 3679 Ven·
676 3632 700 3684 1.
720 3627 797 3686 Med.
811 3661 844 3671 -
860 3644 992 3699 percurret
1012 3650 1036 3684 o.
1050 3643 1138 3681 utetur
1154 3652 1186 3685 a.
1200 3653 1287 3703 gene·

197 3704 297 3765 ratim,
321 3702 403 3750 dr'seet
423 3721 456 3751 ex
475 3721 524 3769 qrro
548 3711 667 3749 emanent
689 3700 722 3753 L.
741 3699 870 3754 Grut.-
882 3711 1015 3768 percurret
1034 3718 1069 3763 o.,
1091 3711 1186 3752 utetur
1200 3723 1228 3754 a.
1243 3722 1286 3772 gn,

197 3773 281 3822 discet
293 3789 326 3821 ex
342 3787 391 3833 quo
404 3781 536 3827 emanant.
554 3769 629 3821 Cret.
645 3767 717 3828 Vici.
731 3769 811 3826 Man.
824 3769 906 3822 Aldd.
926 3770 1058 3822 ceterum
1072 3780 1163 3820 utetur
1178 3798 1216 3812 -·
1228 3773 1288 3826 Ioci

195 3840 276 3894 uncis
289 3837 405 3891 inclusit
420 3838 483 3890 Sela.
497 3841 523 3893 2.

231 3911 319 3959 omnia
333 3910 459 3975 expendet
477 3921 501 3958 et
518 3907 622 3978 religet]
637 3910 732 3977 releget
746 3909 814 3960 ven.
833 3909 857 3963 1.
872 3909 897 3961 2.
917 3907 994 3959 Med·
1008 3904 1070 3959 Ald.
1085 3904 1161 3960 vict.
1180 3911 1233 3966 Cr,
1248 3941 1287 3955 .-

194 3980 292 4031 idonea
313 3978 431 4045 exquiret
455 3987 481 4026 et
500 3976 593 4047 religet
613 3978 678 4036 Sch.
697 3981 724 4033 2.
743 4004 778 4022 -··
801 3979 896 4028 idonea
915 3988 1044 4045 excerpet.
1066 3974 1140 4032 coni.
1168 3978 1225 4036 or.
1249 4002 1287 4035 ae

196 4050 292 4102 celerer
305 4048 387 4102 Mon.

230 4089 263 4168 ei·
277 4118 369 4167 iisdem
384 4114 486 4183 eadem]
503 4135 549 4166 nec
559 4135 592 4167 ex
602 4116 696 4173 iisdem
710 4117 744 4171 L.
756 4142 790 4154 -
804 4131 859 4175 om,
873 4116 964 4166 eadem
977 4113 1033 4172 tit.
1050 4114 1103 4167 Dr.
1119 4113 1197 4175 Ven.
1213 4122 1242 4174 1.
1256 4123 1285 4178 2,

196 4187 272 4243 Med.
287 4186 352 4242 Tul.
368 4186 441 4240 vict.

223 4255 326 4327 igitur]
349 4272 411 4328 ergo
428 4256 495 4307 Van.
511 4258 534 4310 1.
554 4253 615 4307 Ald.
630 4258 656 4311 2.
673 4254 721 4309 Cr.
737 4251 846 4323 Gryph.
861 4255 882 4308 1.
901 4254 934 4306 Ι..
949 4251 1142 4307 Commutatio
1156 4263 1233 4312 uate
1247 4275 1285 4314 ex
