2692 5018
152 283 194 347 66
589 274 810 345 ORATOR

153 430 372 518 incertosque
390 452 504 497 casus:
527 429 648 513 etiam,
668 432 697 498 si
720 431 854 520 quaudo
868 431 980 500 minus
1000 431 1195 514 suecedet,
1214 446 1240 500 nt

156 556 257 621 saepe
278 533 334 610 fit,
364 556 526 619 magnum
545 545 659 600 tamen
684 535 875 623 periculum
899 556 969 599 non
993 533 1127 600 adibit.
1180 536 1238 601 Atu

100 636 136 692 99
158 634 249 699 enim
266 633 387 699 cadere
402 658 472 700 non
487 648 606 726 potest.
652 637 695 704 At
711 660 792 703 vero
809 636 864 702 hic
877 647 1001 716 nostes,
1025 657 1145 723 quem
1159 638 1238 723 psin-

157 736 267 824 cipem
282 735 449 825 ponimus,
469 737 593 823 gravis,
613 761 699 819 aces,
718 739 849 820 ardens,
870 737 899 803 si
918 738 960 802 ad
981 738 1050 805 hoe
1077 750 1237 805 unumst

156 850 258 906 natus
285 851 346 905 aut
367 839 404 904 in
424 838 492 904 hos
515 840 585 904 solo
613 862 648 904 ss
671 841 825 908 exercuit
853 852 911 907 sut
933 841 1017 907 hnic
1031 841 1166 928 generi
1184 852 1238 906 stu-

159 940 217 1005 det
241 941 318 1022 nui,
347 962 411 1006 nee
431 962 527 1005 suam
554 942 688 1030 copiam
710 965 788 1007 cum
813 942 879 1008 illis
900 943 1034 1011 duobus
1066 946 1238 1031 generibus

159 1043 375 1129 temperavit,
399 1041 546 1109 maxime
563 1055 613 1109 est
628 1045 904 1111 contemnendus.
946 1047 1009 1113 Ille
1031 1047 1144 1113 enim
1164 1071 1238 1114 sun·

159 1143 295 1227 missus,
330 1146 423 1231 quod
455 1157 554 1211 acute
578 1157 612 1212 et
639 1145 838 1212 veteratorie
867 1148 966 1230 dicit,
999 1150 1153 1237 sapiens
1180 1151 1237 1227 ian,

159 1245 293 1315 medius
312 1248 436 1327 suavis,
459 1247 515 1313 hic
528 1259 642 1314 autem
659 1245 914 1337 copiosissimus,
929 1251 958 1316 si
970 1252 1066 1319 nihil
1085 1264 1144 1318 est
1159 1252 1236 1333 aliud

159 1348 221 1413 vix
235 1348 314 1415 satis
329 1371 431 1413 sanus
447 1349 554 1415 videri
570 1352 664 1417 solet.
709 1349 781 1438 Qui
797 1351 888 1417 enim
906 1351 992 1421 nihil
1013 1367 1148 1444 potest
1164 1369 1235 1423 tras·

163 1449 276 1537 quille.
296 1451 383 1516 nihil
395 1450 528 1533 leniter,
542 1452 628 1519 nihil
644 1453 776 1541 partite,
792 1450 937 1535 definite,
952 1454 1142 1539 distincte,
1156 1457 1235 1525 faces

164 1552 293 1632 dicere,
315 1554 515 1642 praesertim
532 1577 609 1621 cnm
627 1577 747 1619 causae
763 1554 889 1641 partim
903 1568 995 1622 totae
1015 1558 1098 1623 sint
1116 1583 1161 1625 eo
1184 1582 1236 1626 ms·

164 1654 226 1733 do,
253 1656 375 1742 partim
398 1657 509 1743 aliqua
532 1678 575 1721 ex
596 1667 694 1744 parte
718 1657 928 1722 tractandae:
950 1658 1032 1724 siis
1059 1683 1142 1727 non
1164 1684 1235 1750 pree

163 1757 288 1843 paratis
307 1757 444 1825 auribus
465 1758 678 1825 inflammare
696 1779 769 1823 rem
791 1756 916 1844 coepit,
939 1757 1068 1826 furere
1094 1763 1233 1850 apudse

164 1879 226 1924 nos
241 1871 274 1924 et
288 1859 384 1950 quasi
398 1860 488 1925 inter
503 1857 632 1924 sobrios
648 1858 803 1926 bacchari
819 1859 1013 1928 vinolentus
1040 1865 1196 1933 videtur.

102 1973 156 2030 100
252 1964 425 2028 Tenemus
443 1961 563 2050 igitur,
583 1961 703 2044 Brute,
732 1983 835 2049 quem
854 1963 1078 2047 quaerimus,
1103 1968 1167 2034 sed
1186 1964 1225 2033 s'

164 2084 242 2144 mo,
263 2087 331 2130 non
346 2087 461 2131 manu.
498 2083 603 2128 manu
622 2061 651 2126 si
665 2063 936 2150 prehendissem‚
957 2088 1002 2132 ne
1020 2066 1107 2155 ipse
1125 2068 1232 2157 quiden

165 2188 224 2231 sua
238 2177 330 2233 tanta
347 2165 539 2253 eloquentia
552 2163 637 2237 mihi
657 2165 889 2252 persuasisset,
917 2179 957 2234 ut
972 2189 1008 2234 se
1030 2170 1230 2239 dimitteres

202 2442 310 2507 aditis]
328 2442 435 2495 aetitia
449 2444 518 2496 euim
532 2445 626 2495 eadere
637 2442 690 2499 Dr.

202 2511 277 2576 alte]
296 2510 377 2565 aliter
389 2514 461 2568 Ven.
474 2516 500 2567 2.
520 2512 585 2567 Tul.
603 2510 674 2564 alter
686 2513 767 2565 Mon.

235 2599 279 2651 99·
315 2611 346 2650 at
365 2618 424 2651 vers
443 2599 507 2669 tie]
537 2610 568 2649 at
585 2616 649 2648 vere
664 2602 773 2665 inquam
785 2596 830 2649 tte
841 2601 902 2652 Vst.
914 2596 968 2651 lul.
983 2598 1095 2655 Victor
1111 2603 1135 2655 1.
1151 2602 1170 2657 l.
1198 2604 1233 2673 „l

167 2684 226 2716 vero
241 2666 285 2716 tic
300 2671 407 2738 gravis,
426 2686 503 2733 acer,
520 2669 616 2719 ardens
637 2678 662 2718 et
682 2669 710 2716 in
728 2666 872 2735 periculum
888 2686 1017 2735 praeceps
1037 2683 1100 2739 eet,
1124 2684 1154 2725 ee
1174 2673 1198 2725 si

168 2734 253 2785 solum
267 2739 351 2799 possit
363 2737 433 2804 quod
443 2733 597 2804 prestatur,
614 2736 661 2786 vix
673 2739 743 2786 eatis
756 2753 837 2786 sanus
851 2738 936 2788 videri
949 2736 1029 2793 solet.
1038 2741 1109 2782 “-

204 2807 232 2854 in
246 2803 297 2854 hoe
309 2803 384 2872 solo]
403 2821 460 2856 om.
477 2806 505 2855 in
520 2804 600 2856 Med.

204 2873 309 2938 studet]
328 2875 431 2925 studuit
445 2873 501 2925 Gu-
517 2873 543 2927 3.
560 2871 657 2941 steph.
673 2874 704 2925 L.
720 2871 784 2926 Sch.

205 2941 354 3011 cumillis]
381 2958 438 2997 om.
454 2961 512 2993 cum
527 2942 792 2997 G11.8.L.Sch.2.
811 2943 861 2997 Or.
896 2940 953 2996 Sed
967 2960 995 2997 v.
1011 2942 1049 2999 ln
1065 2946 1180 3007 Sem.
1219 2948 1225 2961 ’

170 3027 194 3064 c.
209 3010 234 3064 5.
254 3017 337 3063 acuta
352 3028 409 3061 eum
422 3011 553 3079 gravibus
566 3023 720 3079 temperans.

205 3097 226 3136 e,
244 3079 316 3130 iam.-
335 3079 459 3199 mediml'
469 3081 587 3148 sapiens:
605 3081 660 3130 iam
676 3081 776 3132 medim
789 3078 822 3132 L
835 3103 870 3119 ·-
882 3078 975 3132 melius
987 3085 1091 3137 mauis
1101 3086 1165 3144 Dr.

203 3150 323 3215 partite]
341 3168 422 3217 parce
461 3147 493 3202 it.

205 3214 327 3285 dfiuite]
346 3214 463 3283 definite
476 3216 543 3270 Tul·

169 3285 307 3404 vsaeeee]
325 3288 401 3343 Post.
417 3285 520 3339 excidit
537 3293 603 3338 ente
613 3282 739 3340 hsevoc.
753 3284 830 3340 nuit
843 3312 877 3326 ·-
893 3286 1021 3339 distinete
1031 3287 1167 3363 seem,
1183 3296 1211 3346 si

195 3369 240 3410 en.
253 3357 280 3408 2.

203 3424 296 3493 totae]
313 3424 367 3477 Jul.
377 3422 450 3479 vict.
464 3422 484 3477 l.
496 3423 559 3475 1.-
568 3425 745 3490 „praeeertim
760 3443 818 3474 eum
836 3442 933 3476 causae
948 3425 1055 3495 panim
1067 3438 1160 3487 mae
1171 3434 1235 3486 dees

171 3496 246 3544 modo
257 3496 358 3562 partim
372 3491 452 3544 aliter
466 3493 662 3546 tractandae.“

205 3580 259 3612 rem
272 3562 376 3632 eoepit]
396 3564 509 3629 eoeperit
524 3561 556 3611 L·
568 3558 664 3632 steph.

205 3631 231 3680 σι’
246 3631 288 3699 ie]
306 3634 331 3682 is
346 3633 371 3682 ei
384 3631 452 3683 Ern.
468 3629 571 3699 suspic.

765 3720 776 3751 ι

206 3765 352 3819 vinolentus
364 3766 486 3836 videtur]
504 3767 649 3821 vinolentus
660 3769 695 3820 iis
709 3769 814 3821 uidetur
824 3768 880 3826 Vit.
888 3769 1065 3824 —videbe'tus
1075 3772 1118 3832 Ι..
1126 3774 1235 3849 steph*

172 3834 318 3891 visulmsus
330 3839 453 3888 videntur
466 3837 518 3889 Dr.

157 3915 160 3920 ’
242 3907 301 3959 100.
335 3911 380 3956 sed
392 3908 545 3957 auimonou
557 3924 643 3958 manu.
664 3925 744 3957 vunnu
758 3908 783 3957 ei
792 3906 877 3975 prein]
895 3906 937 3959 bis
950 3905 1033 3976 potul
1045 3912 1235 3970 voculam

172 3975 204 4027 in
221 3973 320 4026 ceteris
341 3974 495 4027 lectionem
515 3975 620 4027 retinui
640 3975 697 4031 vit.
717 3977 769 4028 Dr.
793 3976 861 4027 Ven.
882 3977 906 4029 1.
926 3978 953 4030 2.
984 3974 1061 4034 vtes.
1087 3981 1164 4041 Tul.
1176 3976 1235 4030 -d

173 4044 271 4097 enims.
295 4061 357 4093 num
373 4062 449 4093 manu
470 4048 494 4095 si
511 4045 584 4111 preli.
608 4044 686 4095 Med.
704 4045 737 4097 L.
758 4042 857 4112 steph.
879 4045 964 4097 Grut.
986 4044 1059 4102 Em.
1086 4050 1150 4106 Or,
1167 4082 1201 4093 -

173 4114 269 4166 auimo.
287 4130 348 4162 num
360 4131 439 4163 ussnu
452 4117 477 4163 ei
491 4113 737 4181 comprehendissem
751 4110 1108 4173 Aldd.Ju.Grat.Came1·,
1121 4118 1236 4195 θηρῶ

173 4206 209 4223 -··
220 4181 444 4248 prehendidiesem
458 4182 516 4237 vit.
827 4230 829 4235 ,

207 4269 240 4300 ue
253 4251 309 4317 ipse
322 4254 392 4317 qu]
410 4259 512 4320 uqtpee
524 4270 567 4320 qu.
584 4251 646 4303 vet.
665 4249 705 4306 Sl.
