2656 5018
360 114 429 182 AD
469 112 695 185 MARCUM
724 115 961 185 BRUTUM.
1161 130 1206 197 39

107 269 204 337 sinuli
221 277 329 348 mut,
346 265 436 335 nihil
457 278 508 333 est
528 268 620 336 eliud
641 271 831 357 quotidiani
844 271 1009 338 dissimile
1023 275 1202 347 sermonis.

108 373 175 447 Noe
194 384 318 439 tomen
338 366 375 433 id
399 378 451 435 est
471 385 593 459 poetae
612 374 821 458 maximum,
854 375 916 440 etsi
941 386 991 442 est
1013 398 1054 441 eo
1076 376 1201 445 loudo-

108 475 224 557 bilior,
261 471 359 562 quod
390 471 535 539 virtutes
562 477 703 543 oratoris
724 478 959 565 persequitur,
992 501 1072 545 cum
1096 501 1197 547 versu

100 579 141 644 sit
159 575 352 644 astrictior.
407 570 481 659 Ego
507 586 621 645 autem
651 577 782 673 etiamsi
807 581 1022 667 quorundum
1055 583 1194 669 grandis
1216 573 1251 630 ⁶⁸

99 692 134 747 et
152 690 283 753 ornato
310 699 383 751 vox
411 685 463 742 est
488 689 685 763 poetarum,
724 679 897 747 tamenin
923 702 961 745 ea
985 704 1064 749 cum
1087 683 1198 751 lieen-

99 782 185 849 tiom
208 792 326 861 statuo
344 777 513 849 maiorem
542 803 614 845 esse
642 803 744 868 quom
774 783 813 848 in
842 780 937 847 nobis
961 781 1195 855 faciendorum

97 882 420 971 iungendorumque
442 881 638 964 verborum,
659 896 731 952 tum
755 885 856 951 etism
874 885 1113 955 nonnullorum
1131 911 1195 956 vo·

99 985 235 1073 luptuti
254 984 390 1053 vocibus
404 984 518 1070 'magis
532 1006 633 1072 quam
651 984 753 1053 rebus
769 986 973 1054 inserviunt.
1016 987 1084 1054 Nee
1097 1012 1192 1071 vero,

107 1087 139 1153 si
160 1087 311 1175 quidest
330 1108 441 1155 unum
463 1086 555 1153 inter
582 1109 639 1151 eos
659 1086 790 1170 simile,
827 1089 872 1178 (id
896 1100 1010 1156 sutem
1034 1099 1084 1155 est
1104 1091 1192 1161 iudi·

110 1190 200 1257 oinm
219 1189 405 1275 electioque
431 1187 629 1268 verborum)
658 1203 837 1278 propterea
860 1205 1049 1258 ceterorum
1072 1213 1192 1261 rerum

107 1290 341 1359 dissimilitudo
360 1288 500 1376 intelligi
522 1313 592 1357 non
612 1302 740 1379 potest:
761 1296 820 1361 sed
840 1295 873 1360 id
898 1317 959 1358 nec
981 1292 1124 1361 dubium
1139 1305 1192 1363 est

100 1406 148 1477 et,
167 1393 200 1461 si
221 1393 309 1481 quid
331 1392 437 1459 habet
465 1392 683 1478 quaestionis,
724 1395 923 1461 hortamen
952 1395 1062 1483 ipsum
1089 1392 1133 1462 ad
1153 1395 1190 1465 id

96 1497 188 1584 quod
217 1496 437 1585 propositum
464 1504 513 1559 est
541 1518 611 1562 non
641 1510 692 1563 est
723 1498 959 1565 necessarium.
1009 1496 1188 1567 Seiunctus

95 1601 203 1687 igitur
234 1611 351 1667 orator
371 1620 391 1663 a
412 1597 694 1688 philosophorum
722 1601 927 1688 eloquentia,
967 1621 988 1664 a
1019 1599 1187 1688 sophiste-

99 1725 201 1785 rum,
221 1701 267 1777 ob
289 1700 552 1780 historicorum,
573 1727 594 1768 a
616 1715 796 1791 poetarum
818 1702 1034 1791 explicandus
1055 1713 1103 1769 est
1124 1727 1187 1769 no-

101 1805 153 1870 bis
176 1804 281 1889 qualis
300 1803 440 1870 futurus
468 1802 522 1870 sit.

181 1904 261 1974 Erit
289 1905 394 1994 igitur
423 1907 584 1992 eloquens
613 1907 716 1986 (huno
743 1905 833 1971 enim
864 1917 1004 1970 auclore
1032 1906 1180 1975 Antonio
1202 1917 1245 1976 20

96 2011 314 2095 quaerimus)
336 2009 382 2091 is,
408 2008 524 2096 quiin
547 2008 622 2073 foro
643 2006 817 2095 causisque
839 2007 993 2073 civilibus
1012 2006 1060 2075 itu
1081 2006 1180 2087 dicet,
1202 2022 1236 2074 69

94 2173 314 2191 *n—

136 2281 293 2346 dirsimile]
310 2281 439 2334 dissimule
452 2284 533 2338 Mon.

136 2356 194 2404 etsi
207 2363 249 2401 est
263 2370 293 2402 eo
305 2351 482 2417 laudabilior]
500 2365 526 2403 et
538 2353 563 2402 si
576 2362 629 2418 est,
648 2369 677 2401 eo
693 2349 850 2403 laudabitur
868 2351 937 2402 Ven.
953 2351 978 2404 1.
996 2349 1075 2403 Med.

129 2418 658 2559 1]

128 2559 318 2613 nonnullorum
329 2560 472 2629 voluptati]
490 2580 566 2610 soon.
579 2558 714 2610 voluntati
727 2558 937 2612 vit.1)r.Mon,
953 2556 1031 2627 aliiq.
1040 2555 1178 2626 op.Grut.

93 2636 164 2689 Ven.
179 2634 206 2686 l.
221 2632 249 2684 2.
267 2629 346 2682 Med.
357 2629 421 2684 Tul.
437 2629 605 2681 Burchsrdi.
622 2656 657 2669 -
669 2644 723 2681 om.
736 2625 915 2677 nonnullorum
929 2629 961 2680 L.
977 2656 1012 2666 -
1027 2629 1177 2677 rurensium

93 2704 253 2752 auditorum
267 2697 402 2767 voluptati
415 2699 447 2751 L.
463 2714 520 2767 mg·
536 2697 660 2753 1581-
674 2697 795 2748 nonnulli
810 2702 912 2747 aurium
927 2698 1059 2765 voluptati
1072 2693 1137 2747 Ssh.
1149 2698 1176 2750 2.

95 2773 130 2822 Iu
147 2767 249 2821 voesb.
274 2767 457 2818 nonnullorum
477 2768 581 2819 haereo
598 2783 675 2819 sene.
692 2774 787 2818 tomen
802 2766 934 2832 explicari
950 2774 1050 2831 potest.
1082 2766 1177 2817 Inser-

96 2838 177 2890 sium
190 2846 294 2904 poetae
312 2837 427 2890 vocibus
446 2837 537 2907 magis
552 2853 637 2906 quem
650 2833 748 2901 rebus,
775 2837 840 2904 quin
857 2835 1005 2899 nonnulli,
1032 2834 1081 2905 qni
1094 2834 1176 2886 liuius

99 2911 140 2958 rei
154 2907 253 2959 arbitri
271 2914 300 2958 et
313 2906 422 2960 iudices
437 2922 496 2959 esse
510 2907 625 2968 volunt,
649 2903 867 2956 benesonantis
887 2905 969 2956 verbe
987 2904 1077 2973 inagis
1092 2919 1177 2971 quem

101 2977 250 3028 sententias
270 2991 370 3043 graves
392 2982 477 3042 atque
497 2975 591 3027 viriles
617 2981 720 3025 ament.
763 2973 958 3042 Reprehendis
976 2974 1053 3029 enim
1075 2973 1176 3024 Cicero

96 3045 237 3168 quosdam
257 3045 304 3097 sui
322 3043 461 3114 temporis
481 3043 618 3099 homines.
649 3042 768 3094 nonnulli
788 3052 820 3095 ut
840 3060 925 3113 saepe
942 3060 1009 3097 cum
1032 3049 1178 3097 contemtu

117 3125 212 3168 turtur.
229 3146 232 3151 -

126 3186 298 3247 inserviunt]
316 3183 461 3233 inserviant
473 3182 543 3238 Ven.
565 3184 589 3237 1.
601 3183 627 3235 2·
645 3179 724 3237 Med.
739 3178 804 3235 Tttl.
820 3181 877 3232 Vll.

126 3258 158 3305 ist
172 3265 265 3304 autem
276 3279 310 3290 ·-
325 3253 478 3316 vestorum]
495 3268 550 3304 om.
564 3249 631 3302 Sch.

126 3321 344 3384 ‹lis-similitudo]
361 3320 509 3370 similitudo
525 3321 591 3373 Ven.
610 3323 634 3374 1.
647 3321 673 3375 2.
692 3318 771 3377 Med.
784 3319 849 3372 Tul.

127 3395 232 3460 siquid
244 3390 343 3458 lubet]
363 3391 463 3459 siquid
478 3390 575 3439 habeat
590 3389 665 3443 vict.

126 3463 208 3512 adid
225 3462 312 3529 quod]
332 3475 388 3510 om.
403 3460 489 3511 adid.
502 3459 613 3514 Vemss.

126 3531 198 3601 quod
207 3527 390 3598 propositum]
410 3531 480 3594 quod
490 3529 565 3581 eolis
579 3547 654 3597 prop.
669 3544 727 3598 mg·
744 3529 819 3583 1578.

125 3621 178 3650 nors
193 3610 234 3648 est
245 3599 443 3663 necessarium]
457 3617 508 3648 non
520 3608 549 3647 ut
563 3601 738 3648 necessarium
754 3600 822 3650 Ven.
836 3599 862 3651 2.
878 3624 912 3634 -
924 3612 974 3644 '1⁰²⁸
991 3604 1029 3645 ²³2
1044 3603 1074 3642 ul
1088 3611 1176 3645 meeu-

95 3672 194 3722 surium
206 3667 274 3720 Tul.

126 3759 145 3789 a
155 3737 226 3808 ptit.
241 3733 410 3804 eloquentia]
429 3733 559 3786 locutione
571 3735 602 3787 L.
616 3751 675 3804 mg.
691 3733 766 3793 1584·
779 3760 812 3774 ·-
825 3731 960 3800 loquentia
970 3728 1105 3784 Gotltofr.

127 3807 304 3877 explicandus
319 3805 376 3872 est]
397 3821 454 3859 om.
469 3816 509 3854 est
525 3805 576 3857 Dr.
591 3833 624 3844 -
639 3805 825 3873 euplii-undum
840 3803 909 3857 Eun.

161 3877 231 3946 Cap.
249 3876 295 3929 21.
329 3874 373 3938 69.
408 3877 457 3924 erit
471 3874 574 3942 igitur]
592 3873 872 3942 om.igiturVe11.2.

126 3944 254 4013 auctore]
274 3954 368 3993 autore
381 3943 437 3995 vit.
452 3973 487 3982 —
501 3943 612 4001 outlsore
623 3944 701 3999 lunt.
718 3943 742 3995 1.
757 3969 788 3978 ·-
802 3941 849 3996 Cf.
865 3936 971 4004 Apulei.
988 3936 1022 3989 tle
1038 3934 1178 4003 Orthogr.

95 4030 120 4084 p.
131 4014 189 4071 131.
208 4017 335 4081 „Auctor
341 4027 391 4078 per
404 4018 494 4063 cente
509 4024 530 4081 t,
545 4029 647 4065 nomen
663 4008 864 4082 primigenium
873 4005 1177 4075 eommunisgsueris.“

128 4085 228 4155 isqui]
250 4099 309 4136 otn.
327 4083 373 4149 qul
389 4082 455 4138 Vett.
471 4084 497 4137 2.
