2656 5018
336 300 408 367 ΔΙ)
441 300 669 369 MARCUM
705 302 941 372 BRUTUM.
1143 316 1188 382 86

100 456 277 524 moderans
301 462 338 518 et
359 451 452 519 virili
467 452 613 522 laterum
626 454 783 527 flexione.
807 456 955 525 bracchii
979 460 1189 549 proiectione

95 562 129 627 in
146 554 437 630 contentionibus.
461 558 741 625 contractionsiu
754 561 908 627 remissis.
954 562 1075 630 Vultus
1087 588 1183 647 raro,
1206 575 1244 633 ω

93 665 148 751 qui
169 662 364 749 secuudum
389 680 512 725 vocem
532 659 718 747 plurimum
741 672 872 750 potest,
901 674 1065 747 quautam
1086 667 1188 733 affert

89 778 163 833 turn
186 764 392 853 dignitatem
414 771 491 826 tum
513 762 744 830 venustatem?
772 763 1000 849 inquorum
1023 764 1185 850 effeceris,

88 894 134 939 ue
156 866 250 955 quid
270 868 423 955 ineptum
445 870 506 930 aut
526 865 719 931 vultuosum
744 865 800 946 sit,
831 876 904 929 tum
928 867 1106 937 oculorum
1133 882 1186 937 est

90 971 273 1058 quaedam
295 988 412 1051 magna
433 965 636 1033 moderatio.
693 966 781 1036 Nam
810 980 850 1034 ut
874 968 986 1053 imago
1009 985 1057 1036 ast
1078 972 1184 1038 animi

92 1074 242 1151 voltus,
260 1070 305 1137 sio
323 1068 450 1135 indices
472 1069 575 1134 oculi:
604 1090 752 1157 quorum
774 1079 808 1134 at
830 1068 1007 1135 hilaritatis
1029 1082 1062 1135 et
1081 1074 1185 1139 vicis·

99 1176 168 1241 sim
191 1171 339 1239 tristitiae
360 1172 503 1238 modum
525 1194 578 1237 res
599 1172 706 1260 ipsae,
729 1172 771 1239 do
792 1171 913 1261 quibus
933 1183 1070 1261 agetur,
1091 1183 1184 1240 tam-

103 1276 275 1366 perahuut.
746 1352 751 1361 ⁸

181 1376 248 1446 Sed
268 1376 341 1442 iam
363 1373 456 1442 illios
474 1371 616 1462 perlecti
629 1374 771 1441 oratoris
787 1385 822 1442 at
841 1398 996 1443 summae
1018 1374 1182 1463 eloquen-
1204 1374 1247 1438 19

96 1481 161 1548 tias
180 1479 314 1564 species
344 1476 571 1566 exprimenda
598 1490 665 1542 ast:
693 1499 797 1564 quem
824 1479 891 1546 hoo
912 1503 981 1546 uuo
1002 1481 1181 1565 excellere,
1202 1480 1236 1535 ⁶¹

91 1582 127 1652 id
157 1594 211 1649 sat
241 1578 419 1657 oratione,
467 1589 578 1644 cetera
607 1579 641 1644 iu
671 1579 857 1663 solatore,
899 1581 1028 1649 indicat
1056 1605 1184 1651 nomeu

91 1686 224 1773 ipsum.
276 1680 354 1749 lton
383 1679 476 1745 enim
506 1679 668 1745 inventor
697 1694 756 1747 aut
782 1684 989 1770 compositor
1008 1697 1069 1752 aut
1089 1696 1185 1753 actor

93 1787 184 1854 haec
207 1784 407 1871 complexus
425 1792 475 1847 eat
494 1781 624 1860 omnia,
644 1782 701 1848 sed
725 1796 759 1851 et
781 1784 911 1851 Graeco
931 1786 974 1851 ab
995 1788 1183 1877 eloquendo

97 1886 210 1977 ὒήτωρ
244 1900 279 1954 et
297 1885 419 1953 Latius
440 1884 602 1973 eloquens
623 1882 731 1950 dietus
754 1898 815 1952 eat.
864 1888 1063 1955 Ceterarum
1092 1894 1181 1957 roim

96 2014 227 2074 rorum,
248 2011 338 2076 quaa
359 1985 494 2053 suntin
516 1997 661 2067 oratore,
680 1999 815 2075 partam
838 1989 985 2077 aliquam
1009 1992 1072 2058 sibi
1094 1994 1184 2079 quis·

95 2114 165 2178 quo
184 2091 354 2158 vindicat:
390 2086 523 2154 dicendi
543 2098 678 2168 autem,
719 2088 756 2156 id
784 2103 836 2158 est
864 2094 1043 2182 eloquendi
1071 2096 1184 2161 maxi-

93 2215 154 2262 ms
173 2194 232 2262 ris
252 2193 318 2257 soii
336 2189 416 2257 huic
435 2189 639 2258 conceditur.

186 2296 397 2384 Quanquam
422 2292 513 2358 anim
541 2304 575 2357 et
603 2291 794 2381 philosophi
823 2293 962 2378 quidam
985 2307 1104 2363 ornato
1124 2297 1179 2362 to·
1198 2304 1235 2368 62

99 2397 176 2465 cuti
197 2408 291 2477 suut,
314 2391 485 2480 (siquitem
506 2395 807 2484 etTheophrastus
820 2392 996 2463 divinitate
1018 2398 1181 2486 loquendi

127 2663 366 2737 mansionibus]
383 2670 549 2720 eouisnibus
562 2667 628 2722 Tul.

163 2738 211 2793 60.
246 2738 276 2791 iss
289 2738 426 2807 remissis]
444 2740 472 2790 iss
487 2734 685 2790 remissionibus
694 2735 793 2793 huis.
806 2736 838 2790 in
852 2736 937 2792 uotis.

130 2802 591 2940 maffiaffohii.wltuomss
604 2876 633 2929 irs
648 2895 699 2947 quo
714 2891 773 2927 eum
786 2873 922 2943 effeceris,
940 2894 973 2927 ne
986 2878 1053 2947 quta
1066 2879 1181 2947 ineptum

100 2946 137 2996 att
150 2955 197 2993 osas
208 2943 362 2996 vultuosum.
393 2943 512 3015 Optima
525 2944 647 3016 explicat
665 2960 765 2998 vocem
779 2945 848 2999 Ero.
861 2948 927 3004 Las.
940 2942 975 3003 11.
994 2962 1021 3003 s.
1032 2945 1130 3000 vultus.
1145 2972 1181 2986 -

103 3009 282 3079 wisspiumm
292 3012 345 3066 ΒΓ.
360 3012 430 3069 vm·
444 3018 469 3069 11
487 3012 566 3068 Med·

138 3090 198 3130 turs
211 3080 340 3133 oculorum
355 3083 414 3152 est]
432 3094 489 3134 tum
503 3095 543 3134 est
558 3082 692 3136 oculorum
703 3083 757 3136 Dr.

133 3151 269 3269 praedm
280 3156 397 3219 magna]
498 3170 517 3202 ss
532 3156 663 3222 quosdam
677 3154 712 3207 L.

161 3217 301 3288 'latitatis]
319 3220 448 3273 hilaritas
495 3237 540 3272 ou.

169 3288 240 3358 Gap.
259 3290 303 3349 19.
338 3288 383 3345 61.
416 3288 469 3341 Sea
485 3292 539 3340 iam
554 3288 647 3353 illius]
665 3289 735 3341 illusi
747 3290 799 3342 Dra

130 3357 162 3408 id
175 3361 370 3423 saturatione]
390 3358 445 3413 (111.
457 3357 522 3414 seh.
538 3362 655 3428 quisunt
668 3362 696 3410 is
709 3360 829 3411 orations
840 3354 897 3412 Gn.
908 3353 934 3414 1.

130 3429 238 3476 indicat
251 3426 355 3495 nomen]
373 3429 493 3479 vindieat
509 3428 563 3482 Gu.
579 3431 602 3484 1.
613 3430 641 3482 2.

129 3490 245 3566 ῥήτωρ]
263 3494 354 3548 rhetor
365 3496 420 3550 vit.
432 3494 485 3549 Dr.
499 3493 568 3550 Vsu.
583 3500 608 3555 1.
618 3498 646 3553 2·
664 3493 745 3549 Aldd.
758 3494 832 3551 Vici.
843 3493 887 3553 Cr·

130 3566 303 3632 ceterarum]
320 3576 470 3616 exterarum
480 3567 549 3622 Ven.
566 3568 591 3622 1.

130 3634 274 3702 uindicat]
293 3636 413 3685 vesstlieet
427 3635 503 3687 (11111.
517 3636 640 3686 vendicat
653 3634 710 3689 Vit.
722 3633 795 3689 Viot.
808 3634 841 3687 L.

133 3704 162 3754 tt
172 3715 214 3753 est
226 3702 385 3772 eloquendi]
404 3705 434 3753 id
450 3716 489 3753 est
504 3702 628 3774 loquendi
638 3704 695 3757 Vit.
719 3704 787 3774 Sup.
801 3704 827 3772 §
833 3700 877 3757 551

166 3770 212 3828 62.
249 3785 275 3824 et
287 3772 440 3841 philosophi
448 3772 571 3843 quitiam]
592 3785 618 3823 st
631 3772 742 3854 pendet.
767 3774 810 3824 Its
825 3770 901 3823 euim
913 3765 1081 3822 cautinum
1088 3763 1180 3822 1011111

105 3842 276 3894 orationem:
294 3856 456 3911 quanquam
470 3842 544 3894 euim
557 3851 585 3893 et
592 3840 754 3913 philosophi
768 3840 882 3911 quidam
898 3847 996 3890 ornate
1003 3837 1092 3891 locuti
1103 3847 1180 3903 suut,

104 3918 131 3960 st
141 3911 285 3980 sophistae
303 3920 333 3962 et
351 3909 494 3977 historici,
519 3918 614 3965 tsmeu
627 3920 682 3967 111.
713 3912 792 3965 litteo
804 3907 946 3963 Matthiae
958 3907 996 3963 ds
1009 3906 1179 3963 Anuooluth.

103 3981 216 4049 1111.-
231 3994 256 4031 et
270 3977 426 4048 philosophi
439 3982 542 4047 quidem
555 3982 609 4036 Dr·

139 4050 338 4120 Theophrastus
350 4050 495 4099 ‹lisisittste
511 4049 653 4118 loquendi]
671 4046 819 4117 thesrastus
839 4042 897 4100 vit.
914 4075 946 4086 -
963 4046 1032 4116 Qut.
1045 4047 1080 4107 X,
1095 4047 1121 4111 1,
1135 4042 1180 4099 88.

106 4120 190 4182 ,illuns
203 4124 233 4172 in
257 4114 440 4187 Iheophrsssto
457 4128 514 4168 tom
532 4131 571 4168 est
593 4118 717 4187 loquendi
737 4120 807 4167 nitor
828 4116 874 4167 ille
894 4116 1017 4180 (livinus,
1046 4126 1075 4165 ut
1097 4134 1130 4165 ex
1149 4132 1178 4162 eo

109 4204 189 4239 sorsess
201 4206 306 4259 quoque
320 4188 438 4237 traxisse
447 4185 584 4240 dicotur.“
598 4216 634 4226 -
650 4188 810 4240 Gttrtsutsus
824 4185 853 4241 h.
867 4185 887 4236 1.
901 4186 1032 4253 loquendi,
1048 4198 1108 4235 nott
1122 4179 1180 4233 els-

110 4261 195 4324 omas
204 4255 393 4315 scribendum
405 4254 452 4326 sit,
469 4255 615 4328 Spalding.
623 4256 708 4311 dosst
718 4254 755 4310 111
766 4254 858 4326 ipsum
868 4254 983 4389 Qppnapt
997 4252 1019 4305 lt
