2692 5018
141 274 163 338 4
565 262 787 332 ORATOR

144 417 343 511 praestantis
364 415 492 503 ingenii
511 415 562 484 vis
583 416 672 485 forte
691 416 843 498 deliciet,
877 427 936 483 aul
957 414 1070 483 minus
1092 415 1233 480 instru-

145 535 217 590 ctus
252 523 314 587 erit
343 541 544 606 magnarum
568 518 694 586 artium
721 518 920 608 disciplinise
965 532 1078 585 teneat
1105 529 1232 582 tamen

110 706 112 711 Ι
142 646 221 690 eum
241 643 400 701 cursum,
437 641 539 706 quem
567 622 701 708 poterit.
758 621 872 688 Prima
904 620 994 686 enim
1022 630 1230 706 sequentem

115 716 118 721 ¹
142 727 323 793 honestum
350 720 453 787 estin
478 724 632 788 secundis
652 723 826 810 tertiisque
844 724 1032 788 consistere.
1074 721 1169 788 Nam
1191 720 1230 786 in

141 827 250 920 poiitis
272 849 340 891 non
363 824 513 893 Homero
535 826 597 890 soli
620 826 713 892 locus
731 838 779 891 est
802 826 854 908 (ut
877 825 917 889 de
933 822 1067 890 Graecis
1082 824 1228 909 loquar)

143 942 204 996 aut
228 926 433 998 Archilocho
464 939 524 993 aut
548 927 707 1014 Sophocli
737 936 795 994 out
822 925 984 1004 Pindaro,
1014 926 1070 990 sed
1096 926 1228 990 horum

102 1037 197 1098 §vel
224 1028 380 1123 secundis
400 1027 457 1092 vel
480 1029 581 1093 etiam
610 1029 700 1096 infra
725 1028 897 1094 secundos.
939 1028 1008 1094 Nec
1027 1049 1110 1092 vero
1140 1027 1228 1093 Ari-

142 1132 292 1198 stotelem
317 1129 355 1196 in
376 1128 587 1218 philosophia
606 1130 767 1195 deterruit
791 1129 1009 1196 ascribendo
1031 1129 1227 1217 amplitudo

143 1230 309 1312 Platonis,
334 1253 397 1295 nec
416 1229 489 1316 ipse
513 1230 707 1296 Aristoteles
728 1231 917 1296 admirabili
941 1231 1085 1317 quadam
1107 1231 1228 1297 scien·

100 1347 122 1409 2
145 1336 190 1401 tia
215 1344 248 1398 et
273 1332 370 1420 copia
393 1343 585 1396 ceterorum
608 1332 717 1398 studia
744 1332 908 1398 restinxit.
957 1334 1026 1398 Nec
1045 1335 1159 1399 solum
1180 1333 1226 1398 ab

141 1426 276 1522 optimis
299 1432 419 1499 studiis
443 1435 645 1500 excellentes
666 1432 733 1501 viri
752 1433 904 1500 deterriti
933 1455 1003 1498 non
1024 1446 1123 1515 sunt,
1163 1433 1225 1500 sed

134 1576 345 1597 -u——nn

136 1682 265 1792 precntum
280 1672 326 1772 ‘psl
356 1690 459 1724 sensum
487 1673 616 1742 pertinet,
653 1673 704 1724 hoe
729 1671 869 1744 signifieat
893 1675 1113 1743 Legerunt
1150 1677 1227 1744 quod

255 1757 277 1791 c·
316 1770 352 1780 -

168 1758 297 1878 ῑέιίνοηι
311 1808 426 1930 ἆέβοίεὶ,
443 1821 490 1861 ant
506 1809 607 1879 minus]
626 1813 665 1861 vis
679 1808 759 1880 sorte
772 1801 895 1874 destituet
910 1809 1015 1874 dfieiet
1029 1822 1076 1860 aut
1089 1810 1171 1866 vire
1190 1811 1224 1865 in

137 1892 226 1946 marg.
244 1890 320 1930 nuta
341 1880 430 1932 ditum
445 1889 503 1947 est,
523 1888 554 1932 ut
568 1879 708 1932 inseretur
721 1878 796 1931 inter
812 1882 937 1930 destituet
951 1878 1065 1948 dejiciet.
1078 1909 1115 1918 —
1130 1874 1224 1933 minu'e

137 1950 162 1998 ei
176 1952 319 2000 instructus
336 1947 401 2002 Sch.
416 1951 443 2003 2.
638 2002 640 2007 ,

169 2018 197 2067 in
217 2017 337 2067 terrendis
351 2019 505 2085 tertiisque]
525 2017 687 2069 inserendis
709 2017 854 2086 ceterisque
868 2014 925 2068 vit.
949 2017 1096 2085 Leguntur
1117 2028 1224 2072 nostra

135 2101 180 2154 sp.
200 2084 314 2153 Quinct.
335 2087 398 2152 XII,
418 2089 459 2150 ll,
478 2086 522 2139 26.

168 2172 231 2204 nam
243 2155 271 2203 in
287 2157 373 2222 poetis
388 2174 438 2205 non
451 2159 564 2205 Homero
577 2152 629 2205 soli
639 2153 712 2204 locus
725 2153 780 2221 est]
796 2171 831 2204 an
852 2154 880 2204 in
894 2154 980 2223 poetis
997 2173 1047 2203 non
1062 2157 1185 2208 Homero
1199 2176 1223 2207 e·

134 2221 189 2275 vit.
203 2222 255 2273 Dr.
274 2221 335 2274 Ald.
357 2226 382 2277 1.
400 2225 477 2275 tunt.
498 2227 522 2279 1.
541 2223 611 2278 Vict.
636 2250 671 2261 -
694 2241 729 2273 urs
747 2225 775 2272 in
791 2225 876 2290 poetis
894 2225 1006 2273 Homero
1025 2223 1075 2274 soii
1095 2226 1171 2279 Ven.
1197 2229 1224 2281 l.

134 2293 159 2345 2·
183 2289 262 2344 Med.
280 2291 344 2343 Tul.
363 2311 398 2343 on
414 2294 537 2360 inpectis
557 2303 603 2342 aut
622 2291 798 2343 Archilocho?
832 2303 879 2341 aut
898 2291 1041 2358 Sophocli?
1077 2306 1130 2342 aut
1155 2298 1223 2346 Pin-

134 2362 198 2410 dcro
220 2361 287 2428 (om.
313 2361 389 2428 cett.)
406 2362 488 2413 Mon.
506 2389 540 2400 -·
558 2380 593 2410 nn
612 2365 640 2412 in
657 2363 743 2428 poetis
765 2362 819 2410 nisi
837 2363 949 2410 Homero
969 2361 1019 2411 soli
1041 2387 1075 2402 -
1092 2365 1224 2417 Pindaro

57 2467 59 2477 .
134 2441 159 2478 et
176 2447 226 2479 non
254 2430 343 2479 horum
359 2438 412 2486 etc.
437 2430 498 2485 Ald.
519 2434 543 2484 ἓ.
566 2459 596 2470 -
614 2450 664 2480 non
684 2431 799 2479 enimin
820 2432 906 2493 poetis
933 2432 1045 2479 Homero
1072 2429 1129 2481 soii
1149 2432 1169 2487 I.
1197 2454 1222 2491 e,

131 2497 194 2549 Asc.
211 2497 236 2550 2.
256 2497 303 2551 Cr.
338 2500 468 2551 ‘tuentur
482 2512 575 2551 sutem
589 2506 716 2551 nostram
733 2497 799 2550 lect.
818 2497 874 2550 Gu.
891 2500 917 2552 2·
935 2498 961 2551 8.
978 2500 1054 2551 turns.
1068 2501 1096 2553 2.
1109 2501 1221 2558 Lamlr.

130 2567 209 2622 Man.
229 2566 311 2618 Grut.
330 2567 397 2621 Etn.
416 2568 467 2619 Or.

130 2635 205 2755 Avel
230 2637 366 2755 sepiundis]
403 2635 446 2688 vei
467 2650 523 2691 om.
543 2636 595 2688 Dr.
625 2635 683 2689 Gu.
708 2635 736 2691 2.
759 2634 836 2698 -t'n
853 2636 975 2687 secundis
996 2635 1065 2687 Ven.
1088 2639 1116 2691 1.
1147 2640 1221 2698 Tul.

154 2720 193 2756 rc.
211 2705 288 2757 Me.
395 2734 397 2739 ,

199 2773 224 2827 6.
259 2770 449 2841 Aristotelem]
477 2771 639 2827 Aristotelen
653 2773 705 2827 Dr.

165 2839 305 2908 restinxit]
331 2843 469 2893 restrinxit
488 2843 544 2895 vit.
564 2842 646 2895 aido
662 2859 699 2897 m.
723 2843 775 2894 Dr.
794 2840 862 2894 Veh.
876 2842 902 2895 Ξ.
917 2839 989 2892 Kob.
1009 2841 1073 2894 Tul.

198 2910 267 2978 Cap.
285 2912 311 2964 2.
347 2912 464 2960 deterriti
477 2929 528 2960 non
542 2914 616 2978 sunt]
631 2910 712 2975 Cunj.
727 2910 830 2963 Schiitz
842 2913 957 2961 deducti.
977 2911 1044 2964 Ern.
1060 2911 1139 2965 delet
1152 2935 1220 2973 non.

128 2978 172 3048 (V.
195 2977 299 3031 Schell.
322 2976 481 3031 Observctt.
504 2997 532 3048 p.
547 2977 603 3045 34.)
622 2997 674 3047 quo
691 2980 721 3030 in
738 2996 769 3031 re
782 2979 908 3043 fallitur3
930 2996 995 3030 nom
1017 2996 1106 3049 nego,
1129 2986 1221 3039 Cice.

127 3062 228 3100 runem
242 3063 299 3098 uno
316 3047 362 3098 vel
378 3048 468 3099 altero
486 3047 595 3099 dicendi
610 3049 694 3100 modo
711 3059 817 3100 temere
837 3048 922 3099 fuisse
939 3065 1037 3101 usum:
1060 3050 1121 3102 imo
1144 3070 1220 3106 sen·

127 3117 185 3182 tio,
203 3116 348 3168 honorem
364 3126 456 3168 certae
477 3126 505 3168 et
527 3118 668 3168 constanti
688 3116 745 3185 legi
759 3134 820 3169 esse
834 3117 1005 3184 subjeetum,
1026 3120 1220 3193 multumque

127 3185 276 3248 interesse,
292 3195 387 3237 utrum
401 3204 452 3235 non
473 3188 548 3236 modo
562 3205 612 3236 non
633 3189 679 3237 sed
691 3190 853 3254 ne-qnidem
871 3203 907 3238 tm
926 3205 975 3236 non
994 3190 1138 3240 modo-sed
1162 3214 1219 3242 ne·-

128 3258 232 3322 quidem
251 3255 288 3306 sit
309 3255 479 3322 ponendum.
514 3255 543 3306 Si
567 3255 641 3307 enirn
655 3256 770 3307 verbum
785 3255 875 3323 illud,
900 3255 935 3306 ad
950 3255 1024 3325 qnod
1047 3260 1217 3317 secundum

127 3342 177 3373 non
194 3323 224 3374 in
240 3323 386 3376 locutione
400 3342 449 3372 non
463 3327 537 3374 rnodo
553 3343 602 3373 non
623 3324 762 3392 pertinere
775 3325 871 3388 debet,
889 3324 919 3375 in
935 3327 1030 3391 priore
1044 3325 1100 3391 jam
1114 3344 1216 3383 enon.

127 3392 245 3444 tiatione
270 3393 326 3443 sire
352 3393 478 3444 membro
507 3392 650 3458 prolatum
676 3401 729 3458 est,
771 3404 833 3445 tum
860 3395 1019 3445 necessario
1050 3413 1102 3444 non
1128 3405 1215 3452 enode

128 3481 179 3511 non
198 3461 359 3529 ponendum
373 3461 435 3512 erit.
454 3479 520 3512 nom
534 3479 597 3513 cum
613 3461 733 3513 alterum
751 3482 800 3512 non
821 3462 947 3528 omittis,
966 3470 1043 3514 ceret
1059 3479 1127 3516 sane
1142 3476 1215 3523 tota

127 3531 265 3581 sententie
280 3547 370 3581 sensu.
407 3531 513 3583 Contra
531 3529 555 3580 si
575 3531 645 3582 illud
665 3531 835 3583 vocabulum
855 3530 892 3582 ed
913 3532 989 3600 quod
1002 3551 1051 3583 non
1068 3536 1214 3606 pertinet,

125 3597 155 3649 in
170 3599 297 3664 sequenti
313 3600 426 3651 demum
442 3599 586 3666 membro,
602 3600 649 3651 ubi
662 3605 824 3668 rte-quidem
840 3599 926 3667 inest,
944 3601 1075 3666 affertur,
1093 3611 1161 3658 turn
1179 3608 1212 3660 in

125 3669 215 3787 priori
236 3670 363 3719 membro
384 3687 434 3718 nen
449 3671 523 3719 modo
541 3688 591 3719 non
608 3669 709 3720 falsum
729 3678 813 3734 esset,
840 3668 904 3736 quia
923 3669 1042 3721 alterum
1057 3690 1107 3722 non
1129 3675 1212 3729 nihil

135 3737 240 3788 saberet
251 3735 288 3788 ad
305 3736 380 3806 quod
400 3738 561 3790 referretur.
598 3739 643 3790 Sic
664 3739 694 3789 in
707 3748 804 3790 nostro
826 3738 891 3789 loco
908 3747 956 3789 sut
974 3739 1068 3790 dicere
1086 3752 1212 3808 poterat

125 3815 239 3877 ettctor:
276 3824 322 3855 nee
338 3805 421 3856 solnm
439 3808 473 3857 ab
486 3808 591 3874 optimis
611 3810 706 3857 studiis
722 3827 744 3858 e.
767 3810 819 3857 viri
837 3809 957 3857 deterriti
979 3827 1028 3859 non
1050 3823 1129 3875 stent,
1157 3818 1211 3866 sed

124 3893 157 3924 ne
184 3878 290 3942 opifices
312 3877 415 3941 quidem
433 3894 461 3925 se
480 3877 583 3925 ortibus
603 3879 659 3926 suis
680 3888 839 3926 removerunt
867 3883 915 3927 eut
941 3895 986 3926 nec
1009 3878 1091 3928 solum
1116 3882 1154 3929 ab
1180 3903 1207 3935 o.

123 3945 219 3994 studiis
240 3963 261 3996 e.
281 3945 333 3992 viri
352 3945 398 3992 sed
421 3947 502 3993 etiam
531 3943 637 4010 opifices
657 3947 691 3995 ab
712 3946 814 3994 artibus
840 3947 896 3994 enit
922 3947 1042 3997 deterriti
1063 3966 1114 3998 non
1137 3965 1208 4003 eunt

121 4020 170 4064 aut
187 4011 229 4078 (id
245 4010 320 4083 quod
340 4011 416 4064 idem
433 4012 491 4064 fere
511 4012 593 4081 vetet)
611 4032 657 4063 nec
670 4013 753 4064 solnm
772 4016 806 4063 ob
827 4033 850 4067 o.
872 4016 967 4064 studiis
986 4034 1009 4067 e.
1027 4017 1079 4065 viri
1099 4021 1149 4067 sed
1171 4041 1206 4071 ne

121 4081 228 4148 opifices
245 4083 347 4150 quidem
366 4083 400 4130 alr
419 4103 444 4132 a.
464 4083 518 4132 suis
540 4083 661 4132 deterriti
682 4094 751 4136 sunt.
787 4083 823 4132 At
834 4081 915 4134 nullo
938 4082 1021 4134 modo
1038 4084 1206 4154 scripsisset

120 4149 236 4201 Cicero:
254 4168 301 4200 nee
318 4150 401 4201 sulum
421 4151 455 4200 ab
477 4170 500 4204 o.
523 4153 655 4203 erudiise.
674 4154 725 4203 viri
737 4153 857 4201 deterriti
874 4161 950 4217 sunt,
969 4155 1015 4202 sed
1034 4172 1065 4202 ne
1086 4155 1204 4221 opifices

118 4220 222 4290 quidem
248 4238 276 4270 se
297 4220 400 4272 attilius
426 4221 482 4272 suis
510 4230 678 4275 removerunt.
728 4218 776 4273 Sic
804 4219 836 4273 in
861 4235 908 4289 cp·
935 4219 972 4274 ad
1001 4223 1085 4275 Atrio.
1113 4225 1152 4290 X,
1173 4227 1202 4284 4.
