2692 5018
236 253 299 317 144
670 245 890 322 ORATOR

170 416 215 482 67
232 401 366 468 incisim
397 411 457 466 aut
486 398 699 467 membratim
732 400 940 483 efferuntur,
978 423 1017 467 ea
1052 403 1106 470 vel
1135 402 1313 492 aptissime

235 505 352 570 cadere
374 504 517 582 debent,
547 513 587 567 ut
613 516 663 569 est
691 504 781 591 apud
814 527 887 568 me:
917 505 1137 571 Domustibi
1169 505 1314 573 deerat:

152 613 223 678 „224
237 618 275 673 nt
296 604 455 673 habebas.
499 605 659 674 Pecunia
678 605 880 694 superabat.-
901 616 938 672 nt
960 606 1100 696 egebas.
1140 609 1233 672 Haec
1254 607 1314 673 in-

230 709 298 774 cise
320 707 410 772 dicta
430 718 509 772 sunt
529 720 686 794 quatuor.
728 711 772 776 At
805 707 1019 774 membratim
1047 730 1134 795 quae
1155 731 1312 794 sequnn-

230 823 286 877 tur
308 812 395 876 duo:
417 807 603 876 Incurristi
625 832 745 876 amens
763 809 801 875 in
819 810 1016 875 columnas:
1037 809 1074 877 in
1096 810 1311 890 alienosin-

229 936 333 978 sonus
356 912 538 978 insanisti..
559 912 691 978 Deinde
712 912 824 977 omnis
847 923 1007 997 tanquam
1027 914 1198 1000 crepidine
1222 941 1311 1005 qua.

217 1017 308 1091 ,dam
333 1013 630 1103 comprehensione
649 1012 802 1098 longiore
823 1013 1044 1080 sustinentur:
1076 1014 1308 1104 Depressum,

232 1142 390 1194 caecam,
434 1114 605 1183 iacentem
634 1113 775 1179 domum
796 1114 915 1202 pluris
944 1137 1046 1204 quum
1075 1127 1108 1185 te
1138 1130 1172 1185 et
1200 1146 1308 1211 quam

224 1220 391 1310 fortunas
418 1215 729 1284 tuasaestimnsti.
780 1217 949 1283 Dichoreo
980 1217 1108 1286 finitur.
1168 1223 1215 1290 At
1250 1227 1308 1292 di.

228 1325 376 1411 spondeo
397 1320 594 1411 proximum
616 1319 710 1384 illud.
753 1318 838 1384 Nem
859 1319 977 1399 iniis,
1000 1320 1120 1408 quibus
1142 1336 1180 1388 ut
1202 1327 1305 1416 pugi.

228 1426 356 1490 nnculis
381 1423 429 1488 uti
452 1433 601 1509 oportet,
635 1421 777 1485 brevitas
799 1420 881 1486 facit
902 1422 973 1509 ipse
995 1423 1166 1490 liberiores
1187 1429 1303 1514 pedes.

228 1529 336 1613 Saepe
358 1525 448 1590 enim
471 1523 608 1610 singulis
629 1523 792 1588 utendum
816 1533 881 1604 est,
913 1526 1114 1610 plerumque
1134 1525 1236 1608 binis,
1266 1543 1301 1595 et

226 1631 376 1712 utrisque
396 1626 474 1692 addi
496 1625 601 1714 pedis
612 1647 690 1713 pars
705 1634 833 1711 potest,
853 1648 920 1689 non
941 1625 1014 1690 fere
1029 1626 1133 1692 ternis
1146 1630 1297 1718 amplius.

162 1731 366 1802 nsslncisim
394 1740 507 1794 sutem
540 1740 573 1792 et
607 1727 820 1799 membratim
852 1738 991 1795 tractata
1010 1729 1117 1797 oratio
1143 1727 1181 1797 in
1209 1734 1298 1801 veris

267 2091 363 2214 8(11111.
381 2090 425 2144 67.
461 2083 622 2157 efferuntur]
640 2081 753 2154 efferunt
770 2085 838 2143 Ruf.
858 2115 894 2128 ·-
919 2085 1039 2160 offerunt
1057 2088 1123 2144 Ruf.
1150 2107 1196 2163 op·
1217 2092 1296 2150 Pith.

224 2176 351 2280 putamus
362 2227 433 2296 tibi]
453 2225 566 2295 Quinct.
579 2223 637 2292 IX,
655 2221 690 2293 4,
709 2227 768 2282 122·
802 2228 939 2295 ,decisum
953 2229 1002 2280 crit
1014 2247 1104 2280 sensus
1121 2247 1170 2280 non
1188 2229 1295 2297 expleto

224 2317 328 2348 numero
344 2294 497 2350 conclusuri
519 2293 650 2364 plerisque
668 2315 733 2364 pars
747 2297 862 2349 membri.
898 2295 960 2348 Tale
983 2309 1022 2348 est
1042 2299 1110 2348 enim
1132 2317 1181 2367 quo
1206 2302 1296 2352 Cicero

223 2369 310 2416 uritur
327 2367 443 2416 domuc
461 2365 528 2416 sibi
545 2364 691 2415 decrar“
710 2374 764 2416 etc.
781 2366 814 2417 V.
829 2364 910 2418 eund.
925 2365 975 2431 IX,
992 2368 1019 2430 2,
1038 2370 1081 2421 15.
1099 2366 1295 2438 Aquilsltorn.

222 2453 251 2505 p.
273 2436 331 2490 167.
366 2435 467 2490 Domus
484 2431 596 2483 decrat?
613 2435 652 2483 Ac
668 2433 791 2488 habebas.
813 2437 929 2485 Pecunia
949 2436 1111 2503 superabat?
1132 2439 1172 2487 As
1189 2439 1295 2505 egebas.

221 2506 315 2569 „Haeo
367 2501 444 2555 idern
454 2518 540 2572 quere
555 2500 676 2554 orationi
691 2520 743 2572 pro
759 2505 800 2561 M.
810 2504 916 2556 Scauro
929 2502 1092 2556 tribuentur
1108 2504 1152 2571 (ut
1163 2503 1295 2560 fecerunt

221 2572 243 2624 ii
267 2573 315 2642 qui
349 2581 496 2642 regmenta
519 2568 662 2623 Ciceronis
688 2571 872 2643 collegerunt)
901 2571 1027 2626 nondum
1056 2573 1216 2643 comperi.“
1248 2574 1294 2629 sic

221 2641 365 2711 Spalding.
378 2641 413 2692 sd
428 2639 542 2710 Quinot.
560 2638 616 2702 IX,
634 2643 669 2706 2,
689 2645 730 2698 15.

254 2710 408 2780 superabat]
427 2709 560 2776 superabit
578 2711 631 2763 Dr.
937 2759 942 2768 ,

289 2777 350 2835 224.
368 2779 434 2830 baec
449 2777 549 2846 incise]
568 2783 654 2830 incisa
675 2778 753 2834 Med.
772 2778 837 2830 Tul.
854 2776 934 2830 Aldd.
950 2781 993 2831 111.

254 2851 282 2898 in
299 2847 416 2916 alienos]
434 2849 463 2898 in
475 2846 576 2898 alienos
587 2858 694 2898 tnumoc
708 2850 834 2898 insanisti
847 2848 914 2899 Em.
934 2849 1000 2903 Lex.
1023 2845 1078 2902 Rb.
1097 2865 1124 2901 v.
1142 2851 1292 2904 membrum.

219 2945 254 2956 -—
270 2919 298 2967 in
312 2918 385 2966 antis
399 2918 486 2967 aencis
502 2916 603 2969 insanie
617 2919 742 2968 insanisti
757 2915 820 2970 sch.
841 2945 874 2955 -
889 2919 917 2967 in
928 2919 1018 2968 ois'ena
1031 2918 1197 2976 Burehsrdi.
1212 2949 1247 2962 -
1266 2924 1294 2972 in

218 2985 315 3038 olienis
327 2985 370 3037 vel
384 2987 412 3035 in
427 2984 513 3036 alieno
529 2987 610 3038 Beier
622 2985 656 3067 ad
675 2985 734 3039 Cic.
752 3001 782 3057 p.
795 2986 889 3039 Sceur.
909 3004 935 3054 p.
947 2985 1009 3043 214.

217 3055 541 3192 ᾱε11111ι11ηη11ἵ1ρ11111ι1ε]
550 3056 715 3192 sbbsibliisiri.
721 3058 759 3192 vsi.
768 3055 971 3192 Iiosiipiilciie’niio
990 3123 1095 3197 longior
1105 3126 1252 3179 sustinetur
1258 3126 1292 3186 L.

221 3222 223 3227 >
251 3191 377 3259 coicum]
397 3194 546 3258 depressum
559 3196 641 3244 etiam
655 3196 781 3244 iacentem
794 3194 821 3244 d.
841 3193 898 3248 Vit.

250 3274 276 3313 ct
290 3263 387 3330 quam]
406 3276 462 3312 om.
482 3280 559 3328 quom
578 3262 632 3317 vis.

250 3329 415 3398 aestimasti]
435 3331 573 3381 extimasti
589 3331 643 3382 vit.
658 3357 691 3371 -·
706 3331 857 3382 exstimnsti
872 3331 924 3384 Dr.

245 3398 362 3518 finirufr]
381 3411 406 3448 er
420 3399 596 3470 diclufinieur
608 3401 641 3452 L.
653 3425 687 3439 -
700 3399 831 3451 dichoreio
841 3399 937 3469 finitus
952 3401 1006 3456 Dr.
1019 3428 1055 3442 —
1075 3401 1198 3453 dichoreo
1213 3401 1291 3471 fini·

213 3479 257 3519 ius
275 3468 342 3520 Ru.

248 3549 278 3588 at
286 3536 437 3605 dispondeo]
449 3534 543 3604 steph.
555 3537 585 3589 L.
601 3554 634 3588 ao
648 3544 764 3589 recentt.
772 3565 807 3576 -
819 3547 849 3585 at
865 3541 992 3606 spondeus
1003 3540 1152 3609 proximum
1170 3539 1228 3598 Vit.
1237 3541 1287 3593 Dr.

214 3604 283 3657 Ven.
303 3609 327 3659 1.
353 3605 418 3660 Tul.
435 3605 512 3658 Med.
535 3606 616 3660 Aldd.
636 3606 679 3661 Jn.
700 3606 773 3660 vtcr.
788 3607 867 3657 Mon.
889 3634 922 3644 -
945 3619 977 3658 oe.
995 3611 1122 3676 spondeus
1141 3611 1288 3663 maximum

213 3675 282 3726 Ven.
291 3675 317 3727 2.
334 3686 404 3725 -at
418 3677 539 3739 spondeis
551 3679 698 3742 proximum
713 3674 779 3727 Rui.
793 3686 864 3725 -ut
878 3677 1033 3744 dispondeus
1042 3679 1191 3744 proximum
1209 3681 1286 3737 Crat.

248 3741 341 3810 iniis]
361 3745 388 3793 in
405 3737 447 3792 isis
462 3744 517 3795 Vit.
533 3746 600 3796 Ven.
618 3746 642 3798 1.
654 3747 680 3798 2.
699 3744 776 3796 Med.
792 3745 856 3797 Tul.
874 3771 907 3784 ·-
925 3745 1023 3796 inillis
1041 3745 1107 3797 Sch.

249 3812 341 3878 quibus
354 3824 383 3862 ut
392 3811 580 3881 pugiunculis]
600 3816 678 3881 quasi
690 3825 715 3863 ct
727 3812 915 3883 pungiunculis
932 3816 1000 3865 Ven.
1019 3817 1042 3869 1.
1061 3842 1096 3854 —
1112 3817 1285 3886 pungiuncu-

212 3877 248 3930 lis
259 3880 314 3930 Vit.
328 3881 379 3932 Dr.
393 3880 479 4002 Aldt{'.⁸
490 3882 534 4002 qu.
549 3886 572 3937 1.
589 3882 658 3936 vict.
672 3910 705 3921 -
720 3883 813 3953 quibus
826 3894 854 3932 ut
866 3883 1074 3952 propugnaculis
1087 3885 1157 3936 Ven.
1174 3885 1284 3947 2.,Τ111.

262 3953 317 4000 aci!
371 3951 441 4001 aciei
483 3967 521 4003 11.

237 3947 272 4068 lit
292 3948 430 4087 misane]
453 4023 588 4088 utriusque
609 4018 665 4074 vit.
685 4020 738 4075 Dr.
760 4010 837 4078 Med.
857 4017 922 4072 Tul.
939 4021 984 4075 Ju.
1009 4022 1035 4078 2.
1058 4049 1087 4062 -
1114 4032 1146 4073 ut
1165 4024 1284 4095 utrisque

212 4087 279 4138 addi
289 4105 354 4153 pars
365 4088 442 4158 pedis
455 4100 541 4158 potest
555 4086 624 4146 Ruf.
641 4115 674 4129 -·
690 4106 746 4144 om.
757 4090 834 4159 pedis
849 4089 902 4142 Dr.

243 4154 384 4227 nonfere]
401 4158 520 4228 nonsart
533 4157 589 4212 Vit.

275 4224 336 4282 225.
371 4225 615 4295 srsuaa1oaus
631 4226 688 4284 vit.
706 4225 774 4283 Ero.
