2692 5018
155 268 219 333 mo
590 248 815 321 ORATOR

156 412 231 503 egit
253 420 287 475 et
314 407 476 486 obstulit,
504 417 546 473 at
575 405 644 471 iam
674 403 824 484 nesciae,
853 403 943 472 abne
969 423 1091 471 verum
1117 398 1162 466 sit
1189 423 1235 466 au

156 515 227 581 abc.
270 509 386 599 Quid?
408 508 437 573 si
457 506 558 572 etiam
580 506 720 598 abfugit
740 517 841 594 turpe
860 507 975 572 visum
994 518 1057 585 eet,
1080 516 1114 570 et
1131 501 1236 593 abfer

157 617 356 690 noluerunt,
387 607 490 699 auser
511 608 730 675 maluerunt?
756 630 843 696 quae
871 607 1074 695 praepositio
1096 617 1236 697 praeter

78 762 81 769 -
157 717 243 784 haec
271 713 338 779 duo
365 712 468 777 verba
496 712 591 776 nulio
618 711 684 776 atio
714 710 751 775 in
774 707 879 775 verbo
900 709 1099 798 reperietur.
1143 705 1237 776 Noti

159 826 258 882 erant
281 826 315 878 et
334 813 419 879 novi
440 824 476 881 et
496 812 594 894 nari,
625 812 746 898 quibus
775 833 853 876 oum
881 810 918 877 in
943 807 1107 900 praeponi
1129 831 1237 896 opor-

157 928 262 999 teret,
304 914 435 982 dulcius
464 915 577 982 visum
606 925 654 978 est
681 913 791 1006 ignoti
821 913 942 1005 ignovi
970 912 1089 1003 ignari
1121 909 1236 978 dicere

158 1040 261 1105 quam
280 1028 320 1082 ut
340 1019 465 1084 veritas
483 1015 683 1105 postulabat.
723 1016 781 1082 Ex
802 1039 866 1081 aaa
895 1015 1012 1081 dicunt
1032 1025 1066 1079 et
1087 1035 1105 1078 e
1129 1035 1237 1101 repa-

158 1119 267 1199 blica,
289 1121 378 1206 quod
400 1119 438 1183 in
459 1119 561 1187 altero
583 1117 707 1183 vocalis
729 1117 932 1207 excipiebat,
960 1117 997 1182 in
1019 1117 1128 1180 altero
1150 1125 1237 1179 esset

157 1220 340 1308 asperitas,
360 1219 428 1285 nisi
456 1220 587 1286 literam
610 1219 810 1303 sustulisset:
840 1231 895 1295 ut,
919 1216 1038 1307 exegit
1060 1228 1092 1282 et
1111 1216 1236 1300 edixit,

159 1321 325 1412 Defecit,
358 1322 494 1404 retulit,
522 1320 701 1406 reddidit]⁸
759 1321 920 1392 adiuncti
954 1319 1051 1388 verbi
1084 1319 1236 1409 primam

193 1646 260 1697 abne
275 1664 362 1696 veram
376 1646 433 1714 eit]
450 1666 519 1700 arrae
531 1667 618 1700 oerum
630 1648 686 1705 vtt.
700 1644 762 1703 Dt.¹
772 1650 842 1703 Van.
863 1652 888 1704 1.
904 1650 930 1704 ἵ.
946 1647 1011 1702 Tul.
1031 1674 1066 1686 —
1083 1665 1116 1699 art
1129 1660 1225 1698 nexum

158 1716 196 1766 eit
213 1733 249 1765 an
265 1717 313 1765 abe
325 1716 402 1769 Med.
417 1744 452 1756 -
465 1736 515 1767 arte
528 1738 614 1770 verum
628 1722 664 1770 eit
678 1739 712 1770 an
731 1720 765 1769 ab
784 1737 820 1769 an
839 1722 887 1770 aba
901 1719 966 1771 sih.
983 1717 1038 1770 Sed
1057 1717 1125 1769 haec
1140 1716 1227 1767 verba

158 1795 188 1835 at
201 1785 257 1833 iam
276 1787 379 1836 nesciae
396 1787 437 1835 ab
453 1804 484 1837 rte
498 1802 586 1838 verum
606 1791 644 1839 ait
664 1808 701 1840 oa
719 1790 778 1839 obe
803 1788 947 1858 pertinent
970 1783 1168 1839 tantummodo
1191 1784 1230 1835 ati

158 1850 357 1906 illustrandum
372 1854 488 1907 tertium
507 1855 665 1924 exemplam
678 1857 799 1913 abstulit.
813 1875 880 1909 aem
903 1857 932 1909 iti
954 1857 1053 1908 ceteris
1075 1854 1166 1926 quivis
1185 1854 1230 1904 in·

142 1920 280 2044 gigig}
295 1940 351 1993 quo
365 1922 450 1976 modo
463 1940 509 1976 ree
522 1941 552 1976 ee
566 1925 679 1984 habeat.
700 1954 733 1965 -
752 1944 820 1976 anne
834 1945 923 1978 oerum
943 1928 980 1976 eie
1002 1938 1032 1976 ut
1048 1929 1089 1976 att
1113 1925 1149 1976 ab
1163 1921 1231 1975 aliie

194 2073 317 2210 aiasjagit]
338 2076 432 2148 afugit
446 2077 502 2131 vtt.
514 2109 551 2122 -
562 2077 665 2149 affugit
678 2081 730 2134 Dr.
743 2085 812 2138 Ven.
824 2082 851 2135 2.
865 2078 932 2133 Tul.
948 2105 984 2117 -
1001 2075 1109 2149 affugit
1121 2079 1230 2138 Vomi-

159 2166 195 2183 -
208 2146 243 2192 ab
260 2146 307 2197 out
318 2147 428 2218 Gryph.
444 2151 470 2202 1.
480 2178 516 2189 —
531 2151 667 2219 obsigitee
684 2151 718 2203 L.

160 2212 287 2335 wffsx'e'rt
314 2214 384 2282 affer
404 2222 474 2273 Ven.
500 2224 526 2274 1.
542 2220 571 2274 2.
594 2218 659 2274 Tot.
678 2244 715 2260 -·
737 2216 799 2289 ofer
819 2219 872 2272 Dr.
894 2229 972 2270 -et
993 2214 1055 2288 oser
1073 2217 1119 2268 att
1134 2214 1234 2268 nolue-

265 2298 295 2336 1.

196 2349 362 2475 areJI‘e5r8t4nol]
381 2352 491 2426 aufugit
501 2353 614 2426 etaufer
623 2356 770 2410 maluerunt
781 2354 845 2410 seh.
853 2354 1031 2426 -aufugiter
1038 2368 1065 2407 et
1073 2352 1152 2425 auser
1163 2353 1230 2409 mat.

160 2433 217 2486 mg.
304 2459 311 2473 .

161 2490 575 2638 ιβ’ζῑῑὶἵέὲέἰίἕῗιοῖῐῖῑ
590 2492 1110 2633 1-ttzitssttz-tttttzt
1123 2495 1230 2616 titt

163 2641 204 2674 ete
217 2638 320 2677 mutata
333 2632 469 2697 reperitur.
487 2632 549 2685 Ald.
565 2636 591 2687 2.
606 2633 644 2685 cf·
661 2640 772 2702 praeter
786 2631 874 2684 Gellii
895 2631 992 2684 locum
1012 2633 1142 2686 Ambrae.
1164 2632 1228 2684 Ma·

164 2694 243 2749 crab.
252 2693 286 2746 de
297 2696 354 2747 diff.
367 2706 395 2749 et
409 2699 506 2756 societ.
520 2719 548 2770 p.
556 2701 843 2768 mistui—„uitro
855 2703 973 2769 equidem
986 2702 1140 2752 intemerato
1152 2704 1230 2752 verbo

161 2766 324 2842 praepositio
338 2785 414 2833 carpe
426 2773 599 2834 corrumpitur
608 2799 644 2809 —
661 2770 710 2822 irae
722 2772 784 2821 item
796 2772 823 2820 in
841 2768 1029 2839 latiniasero,
1053 2768 1139 2840 ecfero
1147 2789 1159 2834 ,-
1177 2789 1231 2821 au-

156 2825 242 2899 sugro
255 2844 280 2881 et
297 2831 389 2901 aufero
403 2853 420 2884 a
452 2840 627 2905 eoeperitione
641 2839 681 2889 ab
698 2850 886 2907 comportantur
897 2851 922 2892 et
937 2841 966 2890 ie
976 2839 1019 2890 ieie
1032 2839 1096 2892 tolie
1110 2841 1153 2891 ab
1170 2857 1232 2892 mo-

162 2910 238 2951 vetur
250 2901 278 2982 in
294 2920 311 2951 a
319 2921 336 2951 u
354 2905 414 2967 (eie
427 2855 499 2974 deg)
516 2920 625 2959 auctore
636 2909 765 2961 Cicerone.
775 2910 793 2938 “

198 2986 260 3019 navi
274 2981 297 3019 et
310 2972 387 3041 nitri]
406 2985 432 3023 et
449 2977 540 3042 ignari
554 2976 623 3031 Van.
638 2979 662 3030 1.
677 3003 711 3014 -
723 2977 786 3028 novi
799 2988 825 3027 et
834 2977 917 3046 gnari
931 2977 984 3029 Dr.

198 3039 304 3106 ignoti,
322 3040 432 3111 ignavi]
452 3054 476 3093 et
488 3046 582 3113 ignavi
592 3045 670 3100 Med.
685 3071 722 3087 -·
732 3047 853 3116 ignotoe,
872 3048 980 3117 ignavos
991 3048 1101 3117 ignaroe
1116 3044 1175 3101 Gu.
1186 3043 1216 3102 8.

199 3124 278 3174 quam
291 3111 341 3172 ut]
359 3129 437 3176 quam
453 3124 478 3162 et
495 3116 562 3167 Ven.
585 3116 609 3169 1.

199 3176 378 3249 erepublica]
395 3199 428 3230 ex
440 3200 494 3252 rep.
511 3185 564 3236 Dr.
579 3185 647 3237 Ven-
665 3189 691 3239 1.
792 3198 795 3203 '
895 3190 897 3197 '

200 3245 366 3325 accipiebat]
385 3252 503 3317 excipiat
519 3259 581 3308 Vet.

201 3330 254 3362 ma
268 3311 387 3396 litteram
400 3321 564 3386 euetalieeee]
583 3324 638 3375 niti
646 3344 667 3374 x
679 3323 787 3376 literam
800 3322 951 3377 metuttreee
967 3323 1063 3377 AIM·

200 3392 231 3431 ut
242 3395 332 3463 exegit
344 3395 370 3434 et
383 3387 486 3457 edixit]
506 3394 605 3444 Cetera
619 3393 748 3464 exempla
760 3401 827 3446 eunt
837 3392 1017 3462 interpolata.
1035 3421 1070 3433 -
1086 3403 1118 3443 ut
1139 3390 1230 3461 exegit

165 3451 307 3533 et'edexrt:
327 3452 441 3523 rettulit,
459 3461 574 3512 reddidit
587 3462 665 3515 Med.
680 3491 714 3506 ·-
730 3465 830 3533 exegit,
847 3466 941 3531 edixit,
959 3461 1053 3528 refecit
1064 3459 1158 3512 retulit
1170 3462 1230 3512 red·

166 3520 306 3575 attrivit.
320 3522 372 3577 Dr.
387 3531 523 3596 -exegit
543 3542 568 3580 et
581 3534 667 3581 edixit
687 3530 780 3590 refecit
801 3531 893 3583 retulit
912 3533 1028 3582 reddidit
1053 3531 1122 3581 Ven.
1148 3532 1174 3585 l·
1195 3555 1229 3568 ··

166 3590 256 3669 eicegit
270 3591 354 3640 edixit
368 3589 449 3659 refert
462 3597 552 3648 retulit
564 3601 681 3650 reddidit
695 3599 760 3654 Tul.
776 3604 843 3654 Ven.
860 3604 886 3655 2.
907 3631 943 3641 -
961 3601 1049 3667 exegit
1064 3600 1150 3648 edixit
1164 3605 1229 3661 effe·

167 3669 205 3736 eet
218 3657 314 3738 extattt
328 3661 411 3737 edicte
424 3663 486 3716 Atd.
503 3669 528 3720 2.
544 3667 575 3721 L.
591 3671 670 3722 Man.
682 3669 750 3723 Ern.
760 3669 809 3723 Or.
821 3670 993 3740 Repugnent
1005 3667 1096 3720 verbio
1111 3667 1229 3720 Cicero·

166 3740 210 3779 ιιιι
224 3725 291 3776 talia
307 3726 451 3797 uteffeea,
471 3735 575 3789 extulit.

110 3864 114 3877 .
201 3796 325 3847 adiuncti
342 3798 414 3848 voti
435 3805 548 3872 primam
570 3804 704 3876 litteram]
733 3810 791 3864 adi.
806 3807 878 3873 veriti
895 3807 923 3859 itt
943 3809 1055 3871 primam
1073 3804 1093 3856 I.
1111 3806 1183 3858 Ven.
1200 3807 1227 3862 2.

166 3859 230 3942 Tui·
244 3878 319 3946 'in
332 3872 436 3937 exegit,
455 3876 556 3938 edixit,
572 3876 670 3927 extulit
687 3878 784 3930 edidit:
804 3888 834 3927 at
854 3879 882 3926 in
903 3872 992 3942 effecit
1010 3875 1134 3926 adiuncti
1155 3876 1228 3925 verbi

163 3947 253 4010 pptma
267 3931 345 3985 litera
355 3945 575 4006 praepoeitionem
594 3949 761 3997 eommutavit
775 3945 840 3997 sch.
858 3971 893 3983 -
911 3947 1034 3994 adiuncti
1052 3945 1123 3995 verbi
1138 3948 1227 4007 prima

164 3996 243 4049 litero
256 4008 476 4070 praepositionem
488 4015 658 4063 commutavit
674 4014 804 4066 Schneid.
818 4014 851 4066 L.
869 4012 905 4067 G.
916 4017 940 4067 1.
961 4029 988 4083 p.
1002 4014 1061 4068 612.
1081 4040 1119 4052 -
1132 4013 1241 4079 Locus,

161 4080 244 4148 unua
259 4079 309 4152 est.
336 4075 499 4130 Commetare
519 4089 561 4131 eet
580 4081 659 4135 aliud
681 4099 733 4149 pro
752 4082 811 4135 elio
829 4082 970 4149 accipere,
994 4090 1026 4134 ut
1044 4081 1156 4135 Nonius
1178 4083 1229 4137 ait.

160 4133 327 4221 vertunno
343 4147 486 4224 aonnullis
501 4150 664 4218 compositis
676 4151 775 4204 ultime
788 4151 1004 4222 praepositionis
1018 4151 1113 4204 littere
1126 4151 1157 4202 in
1169 4152 1228 4222 pri·

155 4219 234 4260 mem
245 4207 325 4263 vorbi
337 4210 474 4273 litteram.
496 4217 605 4272 Eodem
617 4219 802 4278 modol'leut.
810 4220 921 4295 Captir.
935 4224 960 4288 1,
970 4220 1138 4291 tet—„at
1145 4233 1227 4292 queat
