2656 5018
295 119 370 188 ΔΙ)
408 116 641 188 MARCUM
673 116 909 188 BRUTUM.
1103 131 1149 197 49
1178 210 1190 228 .

58 279 161 347 vatim
192 275 307 343 multo
349 271 570 361 frequentent
597 295 667 340 unu
693 273 928 364 complexione
963 273 1144 346 crinein.

61 378 297 447 Valentiorum
316 374 402 441 hoec
421 375 567 441 luterum
589 386 688 457 aunt,
719 374 839 442 neceb
861 378 941 457 hoc,
964 400 1066 465 quem
1088 380 1144 445 in·

59 484 266 562 formamus,
306 487 368 542 aut
390 475 596 565 expectanda
615 488 676 543 aut
695 478 903 565 postulando.
956 482 1027 548 Erit
1050 484 1140 549 enim

56 598 89 652 ut
106 606 197 652 voce
213 581 264 646 tic
277 579 436 644 oratione
456 578 557 644 etiam
575 580 795 668 suppression
839 580 905 648 Sed
922 581 1082 670 pleraque
1097 610 1142 654 ex
1162 576 1198 633 ⁸⁶

52 688 113 757 iltis
144 681 362 753 convenient
383 679 483 748 etiam
501 680 581 747 huic
602 682 772 760 tenuitati,
793 706 999 771 quamquam
1019 687 1141 757 iisdem

52 785 269 858 omamentio
297 794 417 848 utetur
447 781 633 848 horridius:
677 785 779 853 telem
815 785 906 852 enim
939 787 1139 858 inducimus.

53 890 204 964 Accedit
222 887 306 953 actio
330 909 402 951 non
424 882 549 971 tragica
570 906 633 949 neo
655 907 787 968 scenae,
809 888 866 954 sed
889 888 1020 954 modica
1035 891 1141 960 iacta·

55 998 155 1064 tione
178 989 330 1078 corporis
354 987 454 1053 vultu
480 998 594 1052 tamen
619 987 727 1052 multo
750 990 943 1056 conficient:
972 1012 1041 1055 non
1065 994 1140 1075 hoc,

63 1115 133 1183 quo
161 1093 319 1159 dicuntur
340 1112 379 1153 os
404 1088 545 1163 ducere,
575 1089 632 1154 ted
656 1090 736 1172 illo,
772 1113 841 1178 qno
863 1089 1055 1178 significant
1080 1095 1141 1159 iu-

66 1218 184 1286 genue,
215 1215 283 1281 quo
320 1211 423 1257 sensu
449 1188 597 1276 quidque
626 1196 854 1279 pronuntient
910 1193 997 1259 Huic
1024 1197 1140 1281 generi
1159 1210 1204 1276 26

66 1296 218 1367 orationis
244 1304 470 1383 aspergentur
498 1293 597 1357 etiam
622 1296 724 1373 soleo,
767 1296 884 1381 quiin
912 1295 1054 1363 dicendo
1085 1301 1140 1365 ni·
1161 1318 1198 1376 87

60 1404 161 1469 mium
178 1407 349 1488 quantum
372 1394 501 1460 valent:
524 1418 667 1483 quorum
685 1397 751 1463 duo
772 1411 1010 1484 generarunt,
1033 1424 1140 1469 unum

25 1495 29 1499 ’
57 1503 261 1572 facetiarum
297 1498 446 1562 alterum
475 1495 664 1563 dicacitatis.
737 1499 858 1565 Utetur
885 1515 1041 1589 utroque:
1081 1507 1141 1573 sed

57 1610 160 1674 altero
184 1603 225 1666 in
249 1597 422 1666 narrando
450 1594 576 1686 aliquid
599 1608 755 1680 venuste,
797 1599 905 1665 altero
930 1602 966 1670 in
985 1603 1139 1674 iaciendo

60 1694 293 1789 mittendoque
320 1700 485 1772 ridiculo.
531 1698 626 1766 cuiue
657 1721 783 1786 genera
817 1702 916 1792 plura
951 1719 1045 1775 runt:
1081 1712 1140 1778 aed
1250 1774 1257 1787 ,

63 1833 154 1876 nunc
174 1807 266 1874 aliud
291 1801 436 1890 agimur.
484 1799 570 1866 ltlud
595 1799 814 1869 admonemus
840 1815 968 1881 nmen,
998 1811 1139 1878 ridiculo
1160 1829 1196 1884 88

60 2004 268 2027 Μ

96 2147 296 2218 complexione]
311 2145 498 2208 compactione
511 2143 593 2200 Mon.
619 2144 657 2200 cf.
673 2145 708 2197 de
721 2143 772 2196 Or.
786 2145 838 2201 111.
851 2146 876 2214 s.
893 2149 949 2203 182.

97 2221 294 2278 valentiorum]
313 2215 425 2284 Quinet.
435 2215 484 2278 IX,
495 2216 574 2278 2‚29·
592 2214 673 2283 „Illa
685 2211 778 2268 adhue
792 2213 943 2269 audaciora
956 2224 986 2269 et
1000 2219 1139 2290 maiorum,

64 2300 100 2344 ut
116 2289 219 2341 Cicero
233 2284 383 2349 existimet,
398 2285 547 2336 latentm.“

101 2377 152 2409 nec
162 2357 197 2406 ab
211 2353 279 2422 hoc]
295 2372 328 2404 ne
340 2357 404 2407 ven.
417 2355 443 2407 1.

98 2439 151 2479 aut
161 2421 346 2491 expectando]
362 2422 507 2490 expetenda
519 2437 576 2478 om.
589 2433 639 2475 out
653 2421 710 2477 Vit·

97 2499 150 2548 erit
163 2492 251 2559 enim]
270 2507 323 2543 om.
335 2494 400 2540 erim
413 2492 493 2541 Mon.

97 2569 139 2617 cic
153 2563 277 2614 oratione
287 2559 382 2628 etiarn]
402 2557 479 2614 Med.
489 2559 553 2612 Tul.
563 2563 686 2611 -etiam
698 2561 817 2612 oratione
826 2561 876 2613 Dr.
885 2565 952 2618 Vett.
959 2563 984 2617 2.
1003 2572 1141 2635 ceteraeq.

63 2634 127 2688 edd.
143 2631 200 2685 tol.
225 2629 332 2684 Victor.
350 2628 371 2684 1.
389 2626 458 2688 1.-
472 2640 504 2679 ut
522 2648 594 2692 voce,
619 2634 656 2682 eit
669 2630 751 2684 etiam
765 2643 834 2691 orat,
849 2631 903 2687 Vit.
916 2660 950 2676 -
968 2636 996 2684 in
1021 2653 1081 2685 voce
1100 2637 1142 2688 eie

64 2704 187 2759 oratione
198 2700 281 2750 etiam
294 2703 364 2753 Ven.
379 2698 406 2751 1.
429 2711 433 2717 '

133 2771 177 2825 86.
212 2765 378 2834 convenient]
396 2768 548 2818 conveniant
561 2767 642 2821 Mon.

102 2838 220 2906 accedit]
239 2839 347 2888 accedet
358 2836 392 2889 L.
407 2834 472 2891 Sch.
487 2836 537 2891 Or.

103 2907 176 2959 mitto
189 2907 296 2976 tarum]
314 2918 371 2956 tarn
384 2905 437 2957 Dr.
453 2903 489 2956 oi.
504 2905 533 3025 {i
539 2907 582 2959 72.

107 2996 135 3028 oe
149 2978 253 3039 duem]
271 2992 296 3026 v.
308 2975 377 3027 Em.
398 2973 463 3025 Lex.
478 2975 502 3026 R
525 2984 560 3026 et.
576 2975 609 3026 L.
624 2992 649 3027 v.
662 2972 750 3025 vultur
763 2983 791 3026 et
807 2977 907 3028 ducere.
943 2976 1033 3047 Atque
1046 2995 1078 3030 ex
1091 2994 1142 3030 eo·

69 3047 137 3100 dem
151 3043 230 3096 fonte
243 3043 300 3097 elio
313 3040 397 3096 fluxit
412 3041 517 3094 locutio
533 3061 578 3112 op.
591 3043 684 3097 Plaut.
696 3043 761 3097 Mil.
776 3043 873 3109 G1.11,
892 3049 916 3110 1,
934 3047 974 3100 15.
989 3051 1050 3096 itum
1062 3046 1143 3098 Iobtr'e

67 3121 181 3169 ductant
201 3133 268 3166 cum.
294 3129 340 3181 up.
361 3110 435 3164 Geli.
452 3112 556 3178 XVIII,
575 3116 603 3168 4.
639 3115 727 3178 „Tum
744 3111 791 3163 itte
815 3115 886 3163 rictu
900 3120 952 3163 orte
965 3114 1144 3184 labiorumque

65 3191 148 3239 ductu
163 3184 295 3234 contemni
309 3201 326 3232 a
338 3200 366 3230 rc
377 3184 521 3234 oetcndenr.
532 3185 549 3211 “

96 3248 288 3324 pronuntient]
306 3252 456 3317 pronuntiet
471 3250 548 3302 Med.
562 3250 739 3316 pronumptiet
753 3248 834 3302 Mon.

134 3324 207 3390 Cap.
224 3322 268 3376 26.
303 3320 345 3373 87.
381 3321 568 3386 aspergentur]
598 3317 653 3371 Jul.
674 3316 773 3371 Victor
791 3317 810 3371 1.
830 3317 850 3372 1.
885 3320 1086 3388 Acpergontur,
1118 3322 1144 3372 a·

67 3405 209 3463 opportune
219 3401 345 3457 portant,
363 3391 444 3438 etiarn
456 3388 535 3443 ratleo.
558 3386 663 3440 Malim
678 3402 760 3443 tana:
780 3400 964 3458 aspergantur.

99 3464 189 3532 quiin
206 3461 282 3521 dien]
299 3472 354 3509 om.
369 3461 398 3507 in
414 3457 464 3535 Dr.

68 3530 370 3650 ..exterritat
376 3524 1144 3666 11111ῑῖ1111114111’1ῐῆιῖῗὲἷέῗὲῖῖ

71 3671 103 3721 ad
111 3666 228 3737 Quinet.
242 3665 323 3784 {m
336 3666 380 3722 70.
400 3667 415 3717 J
418 3663 455 3718 ttl.
463 3663 562 3715 Victor
574 3664 672 3733 p.92.:
691 3662 765 3714 Solet
778 3666 857 3715 etiam
872 3665 900 3714 in
914 3666 1025 3721 dicendo
1034 3671 1144 3721 nimium

71 3749 195 3807 quantuni
207 3753 240 3784 va
254 3745 306 3782 ent.

74 3800 1144 3943 reinerii„irretierit3·.t:2;.3·:1·.r1;r;55·¹·¹·

104 3946 131 3994 in
145 3942 268 3993 iaciendo
282 3940 477 4009 mittendoque]
499 3941 613 4008 Quinct.
621 3940 668 4005 VI,
677 3940 702 4006 3,
715 3939 757 3994 42.
780 3943 836 4004 „In
849 3944 983 3992 narrando
996 3953 1083 3992 autem
1097 3943 1145 3995 Ci-

79 4031 128 4063 eero
138 4018 280 4063 con'rtetere
287 4007 503 4078 facetiaeputot‚
511 4012 681 4059 dicacitatem
696 4010 723 4058 in
736 4012 889 4062 iaciendo.“
898 4039 930 4051 -
942 4012 1147 4080 remittendoquc

80 4079 137 4136 sih.
149 4107 184 4120 -
199 4081 376 4146 mittendoque
392 4077 505 4133 ridiculo
516 4077 621 4147 aliquid
634 4087 738 4132 venuete
748 4076 817 4132 Vea.
829 4080 855 4134 2.
871 4079 940 4133 Tul.

907 4149 939 4211 D
