<?xml version="1.0" encoding="UTF-8"?>
<!DOCTYPE html PUBLIC "-//W3C//DTD XHTML 1.0 Transitional//EN"
    "http://www.w3.org/TR/xhtml1/DTD/xhtml1-transitional.dtd">
<html xmlns="http://www.w3.org/1999/xhtml" xml:lang="en" lang="en">
 <head>
  <title>
</title>
<meta http-equiv="Content-Type" content="text/html;charset=utf-8" />
  <meta name='ocr-system' content='tesseract 3.04.00' />
  <meta name='ocr-capabilities' content='ocr_page ocr_carea ocr_par ocr_line ocrx_word'/>
</head>
<body>
  <div class='ocr_page' id='page_1' title='image "./mtulliiciceroni00cicegoog_0056.png"; bbox 0 0 2692 5018; ppageno 0'>
   <div class='ocr_carea' id='block_1_1' title="bbox 364 247 1202 327">
    <p class='ocr_par' dir='ltr' id='par_1_1' title="bbox 364 247 1202 327">
     <span class='ocr_line' id='line_1_1' title="bbox 364 247 1202 327; baseline 0.011 -11"><span class='ocrx_word' id='word_1_1' title='bbox 364 250 432 316; x_wconf 84' lang='lat' dir='ltr'><strong>AD</strong></span> <span class='ocrx_word' id='word_1_2' title='bbox 466 247 695 317; x_wconf 88' lang='lat' dir='ltr'>MARCUM</span> <span class='ocrx_word' id='word_1_3' title='bbox 729 250 965 318; x_wconf 86' lang='lat' dir='ltr'><strong>BRUTUM.</strong></span> <span class='ocrx_word' id='word_1_4' title='bbox 1158 263 1202 327; x_wconf 81' lang='lat'><strong>29</strong></span> 
     </span>
    </p>
   </div>
   <div class='ocr_carea' id='block_1_2' title="bbox 116 403 1309 1923">
    <p class='ocr_par' dir='ltr' id='par_1_2' title="bbox 116 403 1309 1618">
     <span class='ocr_line' id='line_1_2' title="bbox 124 403 1201 495; baseline 0.001 -21"><span class='ocrx_word' id='word_1_5' title='bbox 124 419 197 486; x_wconf 84' lang='lat' dir='ltr'><strong>cat,</strong></span> <span class='ocrx_word' id='word_1_6' title='bbox 226 407 283 472; x_wconf 90' lang='lat' dir='ltr'><strong>sed</strong></span> <span class='ocrx_word' id='word_1_7' title='bbox 306 405 408 471; x_wconf 87' lang='lat' dir='ltr'><strong>etiam</strong></span> <span class='ocrx_word' id='word_1_8' title='bbox 431 403 608 492; x_wconf 77' lang='lat' dir='ltr'><strong>expendet.</strong></span> <span class='ocrx_word' id='word_1_9' title='bbox 657 403 747 472; x_wconf 85' lang='lat' dir='ltr'><strong>Nihil</strong></span> <span class='ocrx_word' id='word_1_10' title='bbox 769 404 861 470; x_wconf 90' lang='lat' dir='ltr'><strong>enim</strong></span> <span class='ocrx_word' id='word_1_11' title='bbox 883 404 1026 473; x_wconf 83' lang='lat' dir='ltr'><strong>feracius</strong></span> <span class='ocrx_word' id='word_1_12' title='bbox 1046 407 1201 495; x_wconf 82' lang='lat' dir='ltr'><strong>ingentis,</strong></span> 
     </span>
     <span class='ocr_line' id='line_1_3' title="bbox 123 503 1203 597; baseline 0.001 -21"><span class='ocrx_word' id='word_1_13' title='bbox 123 512 164 576; x_wconf 85' lang='lat' dir='ltr'><strong>iis</strong></span> <span class='ocrx_word' id='word_1_14' title='bbox 189 509 407 597; x_wconf 88' lang='lat' dir='ltr'><strong>praesertim,</strong></span> <span class='ocrx_word' id='word_1_15' title='bbox 450 529 535 594; x_wconf 87' lang='lat' dir='ltr'><strong>quae</strong></span> <span class='ocrx_word' id='word_1_16' title='bbox 563 503 741 593; x_wconf 84' lang='lat' dir='ltr'><strong>disciplinis</strong></span> <span class='ocrx_word' id='word_1_17' title='bbox 770 509 903 574; x_wconf 81' lang='lat' dir='ltr'><strong>exculta</strong></span> <span class='ocrx_word' id='word_1_18' title='bbox 931 523 1019 577; x_wconf 90' lang='lat' dir='ltr'><strong>sunt.</strong></span> <span class='ocrx_word' id='word_1_19' title='bbox 1067 510 1133 578; x_wconf 87' lang='lat' dir='ltr'><strong>Sed</strong></span> <span class='ocrx_word' id='word_1_20' title='bbox 1164 521 1203 577; x_wconf 80' lang='lat' dir='ltr'><strong>ut</strong></span> 
     </span>
     <span class='ocr_line' id='line_1_4' title="bbox 121 607 1201 700; baseline -0.001 -23"><span class='ocrx_word' id='word_1_21' title='bbox 121 624 248 698; x_wconf 85' lang='lat' dir='ltr'><strong>segetes</strong></span> <span class='ocrx_word' id='word_1_22' title='bbox 269 610 434 676; x_wconf 86' lang='lat' dir='ltr'><strong>fecundae</strong></span> <span class='ocrx_word' id='word_1_23' title='bbox 464 619 498 672; x_wconf 89' lang='lat' dir='ltr'><strong>et</strong></span> <span class='ocrx_word' id='word_1_24' title='bbox 525 607 644 672; x_wconf 89' lang='lat' dir='ltr'><strong>uberes</strong></span> <span class='ocrx_word' id='word_1_25' title='bbox 683 631 751 672; x_wconf 87' lang='lat' dir='ltr'><strong>uon</strong></span> <span class='ocrx_word' id='word_1_26' title='bbox 786 612 895 680; x_wconf 88' lang='lat' dir='ltr'><strong>solum</strong></span> <span class='ocrx_word' id='word_1_27' title='bbox 930 612 1043 700; x_wconf 85' lang='lat' dir='ltr'><strong>fruges</strong></span> <span class='ocrx_word' id='word_1_28' title='bbox 1079 636 1201 678; x_wconf 89' lang='lat' dir='ltr'><strong>verum</strong></span> 
     </span>
     <span class='ocr_line' id='line_1_5' title="bbox 120 708 1202 799; baseline 0 -19"><span class='ocrx_word' id='word_1_29' title='bbox 120 715 242 780; x_wconf 88' lang='lat' dir='ltr'><strong>herbas</strong></span> <span class='ocrx_word' id='word_1_30' title='bbox 265 714 366 778; x_wconf 91' lang='lat' dir='ltr'><strong>etiam</strong></span> <span class='ocrx_word' id='word_1_31' title='bbox 401 708 581 774; x_wconf 87' lang='lat' dir='ltr'><strong>effundunt</strong></span> <span class='ocrx_word' id='word_1_32' title='bbox 608 709 853 776; x_wconf 85' lang='lat' dir='ltr'><strong>inimicissimas</strong></span> <span class='ocrx_word' id='word_1_33' title='bbox 873 713 1045 799; x_wconf 80' lang='lat' dir='ltr'><strong>frugibus,</strong></span> <span class='ocrx_word' id='word_1_34' title='bbox 1074 715 1120 782; x_wconf 89' lang='lat' dir='ltr'><strong>sic</strong></span> <span class='ocrx_word' id='word_1_35' title='bbox 1144 717 1202 780; x_wconf 87' lang='lat' dir='ltr'><strong>iu-</strong></span> 
     </span>
     <span class='ocr_line' id='line_1_6' title="bbox 121 811 1201 901; baseline 0 -19"><span class='ocrx_word' id='word_1_36' title='bbox 121 818 258 882; x_wconf 88' lang='lat' dir='ltr'><strong>terdum</strong></span> <span class='ocrx_word' id='word_1_37' title='bbox 296 838 338 878; x_wconf 78' lang='lat' dir='ltr'><strong>ex</strong></span> <span class='ocrx_word' id='word_1_38' title='bbox 369 812 432 877; x_wconf 89' lang='lat' dir='ltr'><strong>illis</strong></span> <span class='ocrx_word' id='word_1_39' title='bbox 461 811 542 876; x_wconf 84' lang='lat' dir='ltr'><strong>locis</strong></span> <span class='ocrx_word' id='word_1_40' title='bbox 576 824 633 878; x_wconf 94' lang='lat' dir='ltr'><strong>aut</strong></span> <span class='ocrx_word' id='word_1_41' title='bbox 659 813 750 879; x_wconf 87' lang='lat' dir='ltr'><strong>levia</strong></span> <span class='ocrx_word' id='word_1_42' title='bbox 779 815 962 901; x_wconf 86' lang='lat' dir='ltr'><strong>quaedam,</strong></span> <span class='ocrx_word' id='word_1_43' title='bbox 1002 829 1059 882; x_wconf 88' lang='lat' dir='ltr'><strong>aut</strong></span> <span class='ocrx_word' id='word_1_44' title='bbox 1093 819 1201 883; x_wconf 83' lang='lat' dir='ltr'><strong>causis</strong></span> 
     </span>
     <span class='ocr_line' id='line_1_7' title="bbox 119 913 1199 1004; baseline -0.003 -18"><span class='ocrx_word' id='word_1_45' title='bbox 119 921 248 992; x_wconf 87' lang='lat' dir='ltr'><strong>aliena,</strong></span> <span class='ocrx_word' id='word_1_46' title='bbox 284 928 343 980; x_wconf 89' lang='lat' dir='ltr'><strong>aut</strong></span> <span class='ocrx_word' id='word_1_47' title='bbox 371 938 440 980; x_wconf 89' lang='lat' dir='ltr'><strong>non</strong></span> <span class='ocrx_word' id='word_1_48' title='bbox 462 913 557 979; x_wconf 91' lang='lat' dir='ltr'><strong>utilia</strong></span> <span class='ocrx_word' id='word_1_49' title='bbox 577 914 780 1001; x_wconf 84' lang='lat' dir='ltr'><strong>gignuntur3</strong></span> <span class='ocrx_word' id='word_1_50' title='bbox 824 939 969 1004; x_wconf 87' lang='lat' dir='ltr'><strong>quorum</strong></span> <span class='ocrx_word' id='word_1_51' title='bbox 992 921 1034 984; x_wconf 88' lang='lat' dir='ltr'><strong>ab</strong></span> <span class='ocrx_word' id='word_1_52' title='bbox 1056 918 1199 986; x_wconf 87' lang='lat' dir='ltr'><strong>oratoris</strong></span> 
     </span>
     <span class='ocr_line' id='line_1_8' title="bbox 119 1017 1254 1109; baseline -0.004 -27"><span class='ocrx_word' id='word_1_53' title='bbox 119 1023 245 1109; x_wconf 81' lang='lat' dir='ltr'><strong>iudicio</strong></span> <span class='ocrx_word' id='word_1_54' title='bbox 276 1019 420 1083; x_wconf 86' lang='lat' dir='ltr'><strong>delectus</strong></span> <span class='ocrx_word' id='word_1_55' title='bbox 449 1039 590 1102; x_wconf 83' lang='lat' dir='ltr'><strong>magnus</strong></span> <span class='ocrx_word' id='word_1_56' title='bbox 616 1017 859 1085; x_wconf 86' lang='lat' dir='ltr'><strong>adhibebitur.&#39;</strong></span> <span class='ocrx_word' id='word_1_57' title='bbox 892 1021 1038 1102; x_wconf 87' lang='lat' dir='ltr'><strong>Alioqui&#39;</strong></span> <span class='ocrx_word' id='word_1_58' title='bbox 1051 1045 1197 1109; x_wconf 84' lang='lat' dir='ltr'><strong>quonam</strong></span> <span class='ocrx_word' id='word_1_59' title='bbox 1218 1018 1254 1078; x_wconf 81' lang='lat'><strong>49</strong></span> 
     </span>
     <span class='ocr_line' id='line_1_9' title="bbox 119 1118 1198 1190; baseline -0.002 0"><span class='ocrx_word' id='word_1_60' title='bbox 119 1124 222 1190; x_wconf 89' lang='lat' dir='ltr'><strong>modo</strong></span> <span class='ocrx_word' id='word_1_61' title='bbox 242 1123 297 1186; x_wconf 91' lang='lat' dir='ltr'><strong>ille</strong></span> <span class='ocrx_word' id='word_1_62' title='bbox 317 1121 351 1184; x_wconf 91' lang='lat' dir='ltr'><strong>iu</strong></span> <span class='ocrx_word' id='word_1_63' title='bbox 373 1118 469 1184; x_wconf 90' lang='lat' dir='ltr'><strong>bonis</strong></span> <span class='ocrx_word' id='word_1_64' title='bbox 491 1119 644 1184; x_wconf 87' lang='lat' dir='ltr'><strong>haerebit</strong></span> <span class='ocrx_word' id='word_1_65' title='bbox 666 1133 699 1185; x_wconf 88' lang='lat' dir='ltr'><strong>et</strong></span> <span class='ocrx_word' id='word_1_66' title='bbox 720 1120 882 1186; x_wconf 78' lang='lat' dir='ltr'><strong>habitabit</strong></span> <span class='ocrx_word' id='word_1_67' title='bbox 903 1123 993 1187; x_wconf 74' lang='lat' dir='ltr'><strong>suis?</strong></span> <span class='ocrx_word' id='word_1_68' title='bbox 1030 1133 1089 1186; x_wconf 88' lang='lat' dir='ltr'><strong>aut</strong></span> <span class='ocrx_word' id='word_1_69' title='bbox 1109 1124 1198 1188; x_wconf 89' lang='lat' dir='ltr'><strong>mol-</strong></span> 
     </span>
     <span class='ocr_line' id='line_1_10' title="bbox 120 1216 1309 1310; baseline 0 -20"><span class='ocrx_word' id='word_1_70' title='bbox 120 1228 180 1290; x_wconf 90' lang='lat' dir='ltr'><strong>liet</strong></span> <span class='ocrx_word' id='word_1_71' title='bbox 202 1227 302 1303; x_wconf 91' lang='lat' dir='ltr'><strong>dura,</strong></span> <span class='ocrx_word' id='word_1_72' title='bbox 333 1231 392 1286; x_wconf 87' lang='lat' dir='ltr'><strong>aut</strong></span> <span class='ocrx_word' id='word_1_73' title='bbox 413 1220 591 1286; x_wconf 83' lang='lat' dir='ltr'><strong>occultabit</strong></span> <span class='ocrx_word' id='word_1_74' title='bbox 612 1245 698 1308; x_wconf 88' lang='lat' dir='ltr'><strong>quae</strong></span> <span class='ocrx_word' id='word_1_75' title='bbox 721 1223 803 1287; x_wconf 89' lang='lat' dir='ltr'><strong>dilui</strong></span> <span class='ocrx_word' id='word_1_76' title='bbox 825 1247 893 1288; x_wconf 87' lang='lat' dir='ltr'><strong>non</strong></span> <span class='ocrx_word' id='word_1_77' title='bbox 916 1236 1077 1310; x_wconf 88' lang='lat' dir='ltr'><strong>poterunt</strong></span> <span class='ocrx_word' id='word_1_78' title='bbox 1096 1237 1198 1310; x_wconf 88' lang='lat' dir='ltr'><strong>atque</strong></span> <span class='ocrx_word' id='word_1_79' title='bbox 1302 1216 1309 1233; x_wconf 78' lang='lat'>&#39;</span> 
     </span>
     <span class='ocr_line' id='line_1_11' title="bbox 121 1322 1197 1414; baseline -0.004 -22"><span class='ocrx_word' id='word_1_80' title='bbox 121 1329 258 1393; x_wconf 88' lang='lat' dir='ltr'><strong>omuino</strong></span> <span class='ocrx_word' id='word_1_81' title='bbox 284 1324 472 1414; x_wconf 78' lang='lat' dir='ltr'><strong>opprimet,</strong></span> <span class='ocrx_word' id='word_1_82' title='bbox 501 1323 527 1389; x_wconf 86' lang='lat' dir='ltr'><strong>si</strong></span> <span class='ocrx_word' id='word_1_83' title='bbox 549 1322 677 1405; x_wconf 87' lang='lat' dir='ltr'><strong>licebit,</strong></span> <span class='ocrx_word' id='word_1_84' title='bbox 709 1336 768 1391; x_wconf 90' lang='lat' dir='ltr'><strong>aut</strong></span> <span class='ocrx_word' id='word_1_85' title='bbox 791 1325 935 1389; x_wconf 90' lang='lat' dir='ltr'><strong>abducet</strong></span> <span class='ocrx_word' id='word_1_86' title='bbox 957 1326 1106 1406; x_wconf 84' lang='lat' dir='ltr'><strong>animos,</strong></span> <span class='ocrx_word' id='word_1_87' title='bbox 1139 1335 1197 1393; x_wconf 83' lang='lat' dir='ltr'><strong>aut</strong></span> 
     </span>
     <span class='ocr_line' id='line_1_12' title="bbox 118 1424 1195 1517; baseline 0.001 -23"><span class='ocrx_word' id='word_1_88' title='bbox 118 1430 208 1494; x_wconf 90' lang='lat' dir='ltr'><strong>aliud</strong></span> <span class='ocrx_word' id='word_1_89' title='bbox 236 1427 371 1507; x_wconf 83' lang='lat' dir='ltr'><strong>afferet,</strong></span> <span class='ocrx_word' id='word_1_90' title='bbox 407 1424 496 1511; x_wconf 92' lang='lat' dir='ltr'><strong>quod</strong></span> <span class='ocrx_word' id='word_1_91' title='bbox 520 1425 713 1514; x_wconf 89' lang='lat' dir='ltr'><strong>oppositum</strong></span> <span class='ocrx_word' id='word_1_92' title='bbox 734 1426 940 1515; x_wconf 87' lang='lat' dir='ltr'><strong>probabilius</strong></span> <span class='ocrx_word' id='word_1_93' title='bbox 961 1429 1006 1495; x_wconf 87' lang='lat' dir='ltr'><strong>sit</strong></span> <span class='ocrx_word' id='word_1_94' title='bbox 1026 1453 1128 1517; x_wconf 89' lang='lat' dir='ltr'><strong>quam</strong></span> <span class='ocrx_word' id='word_1_95' title='bbox 1151 1431 1195 1496; x_wconf 92' lang='lat' dir='ltr'><strong>il-</strong></span> 
     </span>
     <span class='ocr_line' id='line_1_13' title="bbox 116 1527 478 1618; baseline -0.019 -20"><span class='ocrx_word' id='word_1_96' title='bbox 116 1532 176 1598; x_wconf 89' lang='lat' dir='ltr'><strong>tud</strong></span> <span class='ocrx_word' id='word_1_97' title='bbox 199 1531 288 1618; x_wconf 91' lang='lat' dir='ltr'><strong>quod</strong></span> <span class='ocrx_word' id='word_1_98' title='bbox 311 1527 478 1592; x_wconf 76' lang='lat' dir='ltr'><strong>obstabit?</strong></span> 
     </span>
    </p>

    <p class='ocr_par' dir='ltr' id='par_1_3' title="bbox 117 1629 1251 1923">
     <span class='ocr_line' id='line_1_14' title="bbox 201 1629 1251 1718; baseline 0.001 -20"><span class='ocrx_word' id='word_1_99' title='bbox 201 1634 272 1698; x_wconf 86' lang='lat' dir='ltr'><strong>Iam</strong></span> <span class='ocrx_word' id='word_1_100' title='bbox 295 1654 378 1696; x_wconf 87' lang='lat' dir='ltr'><strong>vero</strong></span> <span class='ocrx_word' id='word_1_101' title='bbox 402 1654 458 1712; x_wconf 89' lang='lat' dir='ltr'><strong>ea,</strong></span> <span class='ocrx_word' id='word_1_102' title='bbox 488 1653 572 1716; x_wconf 84' lang='lat' dir='ltr'><strong>quaa</strong></span> <span class='ocrx_word' id='word_1_103' title='bbox 593 1629 779 1711; x_wconf 89' lang='lat' dir='ltr'><strong>invenerit,</strong></span> <span class='ocrx_word' id='word_1_104' title='bbox 809 1653 877 1717; x_wconf 91' lang='lat' dir='ltr'><strong>qua</strong></span> <span class='ocrx_word' id='word_1_105' title='bbox 899 1631 1069 1718; x_wconf 84' lang='lat' dir='ltr'><strong>diligentia</strong></span> <span class='ocrx_word' id='word_1_106' title='bbox 1090 1632 1194 1698; x_wconf 89' lang='lat' dir='ltr'><strong>collo·</strong></span> <span class='ocrx_word' id='word_1_107' title='bbox 1215 1644 1251 1707; x_wconf 79' lang='lat'><strong>50</strong></span> 
     </span>
     <span class='ocr_line' id='line_1_15' title="bbox 117 1734 1194 1821; baseline 0.001 -20"><span class='ocrx_word' id='word_1_108' title='bbox 117 1735 230 1801; x_wconf 77' lang='lat' dir='ltr'><strong>cabit?</strong></span> <span class='ocrx_word' id='word_1_109' title='bbox 253 1736 412 1821; x_wconf 86' lang='lat' dir='ltr'><strong>quoniam</strong></span> <span class='ocrx_word' id='word_1_110' title='bbox 435 1734 468 1800; x_wconf 91' lang='lat' dir='ltr'><strong>id</strong></span> <span class='ocrx_word' id='word_1_111' title='bbox 490 1734 675 1798; x_wconf 84' lang='lat' dir='ltr'><strong>secundum</strong></span> <span class='ocrx_word' id='word_1_112' title='bbox 699 1746 769 1799; x_wconf 89' lang='lat' dir='ltr'><strong>erat</strong></span> <span class='ocrx_word' id='word_1_113' title='bbox 790 1734 832 1798; x_wconf 92' lang='lat' dir='ltr'><strong>de</strong></span> <span class='ocrx_word' id='word_1_114' title='bbox 854 1735 972 1803; x_wconf 89' lang='lat' dir='ltr'><strong>tribus.</strong></span> <span class='ocrx_word' id='word_1_115' title='bbox 1020 1735 1194 1803; x_wconf 82' lang='lat' dir='ltr'><strong>Vestibula</strong></span> 
     </span>
     <span class='ocr_line' id='line_1_16' title="bbox 117 1836 1192 1923; baseline 0 -21"><span class='ocrx_word' id='word_1_116' title='bbox 117 1837 279 1903; x_wconf 89' lang='lat' dir='ltr'><strong>nimirum</strong></span> <span class='ocrx_word' id='word_1_117' title='bbox 304 1840 441 1903; x_wconf 86' lang='lat' dir='ltr'><strong>honesta</strong></span> <span class='ocrx_word' id='word_1_118' title='bbox 468 1836 645 1923; x_wconf 87' lang='lat' dir='ltr'><strong>aditusque</strong></span> <span class='ocrx_word' id='word_1_119' title='bbox 665 1837 706 1904; x_wconf 88' lang='lat' dir='ltr'><strong>ad</strong></span> <span class='ocrx_word' id='word_1_120' title='bbox 736 1859 871 1903; x_wconf 82' lang='lat' dir='ltr'><strong>causam</strong></span> <span class='ocrx_word' id='word_1_121' title='bbox 898 1836 999 1903; x_wconf 86' lang='lat' dir='ltr'><strong>faciet</strong></span> <span class='ocrx_word' id='word_1_122' title='bbox 1030 1837 1192 1903; x_wconf 83' lang='lat' dir='ltr'><strong>illustres:</strong></span> 
     </span>
    </p>
   </div>
   <div class='ocr_carea' id='block_1_3' title="bbox 115 2109 1192 2214">
    <p class='ocr_par' dir='ltr' id='par_1_4' title="bbox 115 2109 1192 2214">
     <span class='ocr_line' id='line_1_17' title="bbox 115 2109 1192 2214; baseline -0.001 -48"><span class='ocrx_word' id='word_1_123' title='bbox 115 2114 269 2213; x_wconf 48' lang='lat' dir='ltr'><strong>scripturae</strong></span> <span class='ocrx_word' id='word_1_124' title='bbox 287 2112 467 2214; x_wconf 51' lang='lat' dir='ltr'><strong>eorupendio,</strong></span> <span class='ocrx_word' id='word_1_125' title='bbox 491 2129 547 2183; x_wconf 88' lang='lat' dir='ltr'><strong>quo</strong></span> <span class='ocrx_word' id='word_1_126' title='bbox 568 2111 599 2164; x_wconf 89' lang='lat' dir='ltr'><strong>in</strong></span> <span class='ocrx_word' id='word_1_127' title='bbox 618 2111 661 2164; x_wconf 90' lang='lat' dir='ltr'><strong>his</strong></span> <span class='ocrx_word' id='word_1_128' title='bbox 676 2111 775 2167; x_wconf 83' lang='lat' dir='ltr'><strong>vocab.</strong></span> <span class='ocrx_word' id='word_1_129' title='bbox 790 2118 911 2165; x_wconf 84' lang='lat' dir='ltr'><strong>utuntur</strong></span> <span class='ocrx_word' id='word_1_130' title='bbox 923 2109 1042 2166; x_wconf 78' lang='lat' dir='ltr'><strong>librarii.</strong></span> <span class='ocrx_word' id='word_1_131' title='bbox 1059 2112 1192 2182; x_wconf 76' lang='lat' dir='ltr'><strong>igitur:</strong></span> 
     </span>
    </p>
   </div>
   <div class='ocr_carea' id='block_1_4' title="bbox 115 2235 1191 2479">
    <p class='ocr_par' dir='ltr' id='par_1_5' title="bbox 115 2235 1191 2479">
     <span class='ocr_line' id='line_1_18' title="bbox 115 2235 1190 2353; baseline 0.001 -14"><span class='ocrx_word' id='word_1_132' title='bbox 115 2235 326 2353; x_wconf 49' lang='lat' dir='ltr'><strong>²griz&#39;liirtgbuhhhr</strong></span> <span class='ocrx_word' id='word_1_133' title='bbox 334 2302 389 2336; x_wconf 87' lang='lat' dir='ltr'><strong>orn.</strong></span> <span class='ocrx_word' id='word_1_134' title='bbox 402 2295 441 2333; x_wconf 75' lang='lat' dir='ltr'><strong>est</strong></span> <span class='ocrx_word' id='word_1_135' title='bbox 450 2282 534 2336; x_wconf 66' lang='lat' dir='ltr'><strong>Gna.</strong></span> <span class='ocrx_word' id='word_1_136' title='bbox 550 2285 602 2338; x_wconf 82' lang='lat' dir='ltr'><strong>Dr.</strong></span> <span class='ocrx_word' id='word_1_137' title='bbox 611 2285 679 2337; x_wconf 88' lang='lat' dir='ltr'><strong>Ven.</strong></span> <span class='ocrx_word' id='word_1_138' title='bbox 689 2288 711 2339; x_wconf 89' lang='lat' dir='ltr'><strong>l.</strong></span> <span class='ocrx_word' id='word_1_139' title='bbox 724 2282 979 2339; x_wconf 85' lang='lat' dir='ltr'><strong>Aldd.Med.L.Ju.</strong></span> <span class='ocrx_word' id='word_1_140' title='bbox 990 2285 1037 2337; x_wconf 84' lang='lat' dir='ltr'><strong>Gr.</strong></span> <span class='ocrx_word' id='word_1_141' title='bbox 1047 2283 1155 2352; x_wconf 84' lang='lat' dir='ltr'><strong>Grypb.</strong></span> <span class='ocrx_word' id='word_1_142' title='bbox 1165 2287 1190 2339; x_wconf 88' lang='lat'><strong>1.</strong></span> 
     </span>
     <span class='ocr_line' id='line_1_19' title="bbox 115 2350 1191 2409; baseline -0.004 -3"><span class='ocrx_word' id='word_1_143' title='bbox 115 2385 150 2397; x_wconf 93' lang='lat'>-</span> <span class='ocrx_word' id='word_1_144' title='bbox 161 2355 230 2406; x_wconf 82' lang='lat' dir='ltr'><strong>nihil</strong></span> <span class='ocrx_word' id='word_1_145' title='bbox 246 2358 312 2403; x_wconf 83' lang='lat' dir='ltr'><strong>enim</strong></span> <span class='ocrx_word' id='word_1_146' title='bbox 334 2366 373 2403; x_wconf 80' lang='lat' dir='ltr'><strong>est</strong></span> <span class='ocrx_word' id='word_1_147' title='bbox 386 2353 443 2406; x_wconf 87' lang='lat' dir='ltr'><strong>Vit.</strong></span> <span class='ocrx_word' id='word_1_148' title='bbox 463 2354 543 2404; x_wconf 84' lang='lat' dir='ltr'><strong>Man.</strong></span> <span class='ocrx_word' id='word_1_149' title='bbox 561 2355 644 2409; x_wconf 86' lang='lat' dir='ltr'><strong>Grut.</strong></span> <span class='ocrx_word' id='word_1_150' title='bbox 662 2352 730 2404; x_wconf 87' lang='lat' dir='ltr'><strong>Ern.</strong></span> <span class='ocrx_word' id='word_1_151' title='bbox 747 2350 847 2408; x_wconf 70' lang='lat' dir='ltr'><strong>acha.</strong></span> <span class='ocrx_word' id='word_1_152' title='bbox 865 2381 900 2393; x_wconf 92' lang='lat'><strong>-·</strong></span> <span class='ocrx_word' id='word_1_153' title='bbox 912 2354 983 2406; x_wconf 83' lang='lat' dir='ltr'><strong>nihil</strong></span> <span class='ocrx_word' id='word_1_154' title='bbox 996 2367 1035 2404; x_wconf 76' lang='lat' dir='ltr'><strong>est</strong></span> <span class='ocrx_word' id='word_1_155' title='bbox 1052 2369 1108 2407; x_wconf 91' lang='lat' dir='ltr'><strong>om.</strong></span> <span class='ocrx_word' id='word_1_156' title='bbox 1121 2356 1191 2403; x_wconf 82' lang='lat' dir='ltr'><strong>enim</strong></span> 
     </span>
     <span class='ocr_line' id='line_1_20' title="bbox 117 2420 541 2479; baseline 0.002 -7"><span class='ocrx_word' id='word_1_157' title='bbox 117 2424 172 2479; x_wconf 75' lang='lat' dir='ltr'><strong>Gu.</strong></span> <span class='ocrx_word' id='word_1_158' title='bbox 190 2423 330 2478; x_wconf 83' lang='lat' dir='ltr'><strong>1.-m&#39;hit</strong></span> <span class='ocrx_word' id='word_1_159' title='bbox 347 2434 385 2471; x_wconf 80' lang='lat' dir='ltr'><strong>est</strong></span> <span class='ocrx_word' id='word_1_160' title='bbox 404 2424 471 2472; x_wconf 81' lang='lat' dir='ltr'><strong>enim</strong></span> <span class='ocrx_word' id='word_1_161' title='bbox 491 2420 541 2473; x_wconf 81' lang='lat' dir='ltr'><strong>Or.</strong></span> 
     </span>
    </p>
   </div>
   <div class='ocr_carea' id='block_1_5' title="bbox 138 2482 523 2565">
    <p class='ocr_par' dir='ltr' id='par_1_6' title="bbox 138 2482 523 2565">
     <span class='ocr_line' id='line_1_21' title="bbox 138 2482 523 2565; baseline -0.005 -21"><span class='ocrx_word' id='word_1_162' title='bbox 138 2491 287 2565; x_wconf 71' lang='lat' dir='ltr'><strong>feracius]</strong></span> <span class='ocrx_word' id='word_1_163' title='bbox 314 2493 434 2541; x_wconf 81' lang='lat' dir='ltr'><strong>veracius</strong></span> <span class='ocrx_word' id='word_1_164' title='bbox 449 2482 523 2543; x_wconf 80' lang='lat' dir='ltr'><strong>Kbb.</strong></span> 
     </span>
    </p>
   </div>
   <div class='ocr_carea' id='block_1_6' title="bbox 88 2555 1290 4214">
    <p class='ocr_par' dir='ltr' id='par_1_7' title="bbox 111 2555 1188 2765">
     <span class='ocr_line' id='line_1_22' title="bbox 111 2555 1188 2686; baseline -0.004 -72"><span class='ocrx_word' id='word_1_165' title='bbox 111 2634 137 2686; x_wconf 77' lang='lat' dir='ltr'><strong>L</strong></span> <span class='ocrx_word' id='word_1_166' title='bbox 148 2567 184 2614; x_wconf 81' lang='lat' dir='ltr'><strong>iia</strong></span> <span class='ocrx_word' id='word_1_167' title='bbox 193 2560 357 2683; x_wconf 56' lang='lat' dir='ltr'><strong>praeeegtim]</strong></span> <span class='ocrx_word' id='word_1_168' title='bbox 376 2577 432 2614; x_wconf 87' lang='lat' dir='ltr'><strong>om.</strong></span> <span class='ocrx_word' id='word_1_169' title='bbox 440 2561 474 2610; x_wconf 74' lang='lat' dir='ltr'><strong>tis</strong></span> <span class='ocrx_word' id='word_1_170' title='bbox 484 2561 560 2612; x_wconf 82' lang='lat' dir='ltr'><strong>Crat.</strong></span> <span class='ocrx_word' id='word_1_171' title='bbox 567 2587 600 2596; x_wconf 96' lang='lat'><em>-</em></span> <span class='ocrx_word' id='word_1_172' title='bbox 609 2558 651 2609; x_wconf 82' lang='lat' dir='ltr'><strong>his</strong></span> <span class='ocrx_word' id='word_1_173' title='bbox 662 2555 710 2611; x_wconf 83' lang='lat' dir='ltr'><strong>vit</strong></span> <span class='ocrx_word' id='word_1_174' title='bbox 718 2556 787 2614; x_wconf 80' lang='lat' dir='ltr'><strong>Ven.</strong></span> <span class='ocrx_word' id='word_1_175' title='bbox 797 2561 823 2614; x_wconf 75' lang='lat'><strong>2·</strong></span> <span class='ocrx_word' id='word_1_176' title='bbox 835 2558 915 2616; x_wconf 78' lang='lat' dir='ltr'><strong>Med.</strong></span> <span class='ocrx_word' id='word_1_177' title='bbox 929 2559 995 2616; x_wconf 84' lang='lat' dir='ltr'><strong>Tul.</strong></span> <span class='ocrx_word' id='word_1_178' title='bbox 1002 2559 1065 2613; x_wconf 74' lang='grc' dir='ltr'><strong>ΑΜ.</strong></span> <span class='ocrx_word' id='word_1_179' title='bbox 1072 2560 1099 2614; x_wconf 79' lang='grc'><strong>2.</strong></span> <span class='ocrx_word' id='word_1_180' title='bbox 1113 2557 1188 2615; x_wconf 78' lang='lat' dir='ltr'><strong>vict.</strong></span> 
     </span>
     <span class='ocr_line' id='line_1_23' title="bbox 138 2647 507 2690; baseline -0.011 -6"><span class='ocrx_word' id='word_1_181' title='bbox 138 2673 145 2690; x_wconf 83' lang='grc'><strong>.</strong></span> <span class='ocrx_word' id='word_1_182' title='bbox 163 2650 195 2684; x_wconf 83' lang='lat' dir='ltr'><strong>SU</strong></span> <span class='ocrx_word' id='word_1_183' title='bbox 218 2671 225 2685; x_wconf 85' lang='lat'><strong>.</strong></span> <span class='ocrx_word' id='word_1_184' title='bbox 244 2647 269 2682; x_wconf 76' lang='lat' dir='ltr'><strong>C.</strong></span> <span class='ocrx_word' id='word_1_185' title='bbox 304 2669 310 2680; x_wconf 83' lang='lat'>·</span> <span class='ocrx_word' id='word_1_186' title='bbox 503 2681 507 2689; x_wconf 49' lang='grc' dir='ltr'><strong><em>Ι</em></strong></span> 
     </span>
     <span class='ocr_line' id='line_1_24' title="bbox 145 2650 680 2765; baseline -0.009 -13"><span class='ocrx_word' id='word_1_187' title='bbox 145 2650 346 2765; x_wconf 66' lang='lat' dir='ltr'><strong>turbantium]</strong></span> <span class='ocrx_word' id='word_1_188' title='bbox 366 2699 419 2750; x_wconf 85' lang='lat' dir='ltr'><strong>Dr.</strong></span> <span class='ocrx_word' id='word_1_189' title='bbox 433 2697 466 2752; x_wconf 88' lang='lat' dir='ltr'><strong>L.</strong></span> <span class='ocrx_word' id='word_1_190' title='bbox 482 2697 563 2747; x_wconf 78' lang='lat' dir='ltr'><strong>etiam</strong></span> <span class='ocrx_word' id='word_1_191' title='bbox 578 2695 680 2747; x_wconf 78' lang='lat' dir='ltr'><strong>herbae.</strong></span> 
     </span>
    </p>

    <p class='ocr_par' dir='ltr' id='par_1_8' title="bbox 88 2764 652 2908">
     <span class='ocr_line' id='line_1_25' title="bbox 146 2764 626 2836; baseline -0.008 -14"><span class='ocrx_word' id='word_1_192' title='bbox 146 2773 236 2822; x_wconf 77' lang='lat' dir='ltr'><strong>causis</strong></span> <span class='ocrx_word' id='word_1_193' title='bbox 249 2767 356 2836; x_wconf 74' lang='lat' dir='ltr'><strong>atiena]</strong></span> <span class='ocrx_word' id='word_1_194' title='bbox 375 2786 453 2817; x_wconf 82' lang='lat' dir='ltr'><strong>cause</strong></span> <span class='ocrx_word' id='word_1_195' title='bbox 466 2765 555 2816; x_wconf 81' lang='lat' dir='ltr'><strong>aliena</strong></span> <span class='ocrx_word' id='word_1_196' title='bbox 572 2764 626 2818; x_wconf 87' lang='lat' dir='ltr'><strong>vit.</strong></span> 
     </span>
     <span class='ocr_line' id='line_1_26' title="bbox 88 2832 652 2908; baseline 0 -19"><span class='ocrx_word' id='word_1_197' title='bbox 88 2875 89 2879; x_wconf 59' lang='lat'><em>=</em></span> <span class='ocrx_word' id='word_1_198' title='bbox 143 2837 301 2908; x_wconf 75' lang='lat' dir='ltr'><strong>gignuntur]</strong></span> <span class='ocrx_word' id='word_1_199' title='bbox 316 2841 433 2905; x_wconf 77' lang='lat' dir='ltr'><strong>gignunt</strong></span> <span class='ocrx_word' id='word_1_200' title='bbox 446 2836 514 2887; x_wconf 82' lang='lat' dir='ltr'><strong>Ven.</strong></span> <span class='ocrx_word' id='word_1_201' title='bbox 533 2838 556 2888; x_wconf 83' lang='lat' dir='ltr'><strong>l.</strong></span> <span class='ocrx_word' id='word_1_202' title='bbox 574 2832 652 2889; x_wconf 89' lang='lat' dir='ltr'><strong>Med.</strong></span> 
     </span>
    </p>

    <p class='ocr_par' dir='ltr' id='par_1_9' title="bbox 145 2901 566 2973">
     <span class='ocr_line' id='line_1_27' title="bbox 145 2901 566 2973; baseline 0 -15"><span class='ocrx_word' id='word_1_203' title='bbox 145 2907 274 2973; x_wconf 82' lang='lat' dir='ltr'><strong>oratoris]</strong></span> <span class='ocrx_word' id='word_1_204' title='bbox 290 2909 387 2956; x_wconf 82' lang='lat' dir='ltr'><strong>actoris</strong></span> <span class='ocrx_word' id='word_1_205' title='bbox 400 2901 452 2956; x_wconf 81' lang='lat' dir='ltr'><strong>Dr.</strong></span> <span class='ocrx_word' id='word_1_206' title='bbox 469 2904 524 2957; x_wconf 86' lang='lat' dir='ltr'><strong>Gu.</strong></span> <span class='ocrx_word' id='word_1_207' title='bbox 541 2907 566 2958; x_wconf 88' lang='lat'><strong>1.</strong></span> 
     </span>
    </p>

    <p class='ocr_par' dir='ltr' id='par_1_10' title="bbox 141 2974 1290 3043">
     <span class='ocr_line' id='line_1_28' title="bbox 141 2974 1290 3043; baseline -0.005 -16"><span class='ocrx_word' id='word_1_208' title='bbox 141 2976 269 3038; x_wconf 73' lang='lat' dir='ltr'><strong>delecttee]</strong></span> <span class='ocrx_word' id='word_1_209' title='bbox 286 2974 397 3024; x_wconf 78' lang='lat' dir='ltr'><strong>dilectus</strong></span> <span class='ocrx_word' id='word_1_210' title='bbox 412 2974 444 3029; x_wconf 89' lang='lat' dir='ltr'><strong>L.</strong></span> <span class='ocrx_word' id='word_1_211' title='bbox 1183 3039 1185 3043; x_wconf 72' lang='lat'>‚</span> <span class='ocrx_word' id='word_1_212' title='bbox 1287 3028 1290 3036; x_wconf 82' lang='lat'><strong>.</strong></span> 
     </span>
    </p>

    <p class='ocr_par' dir='ltr' id='par_1_11' title="bbox 180 3038 1181 3112">
     <span class='ocr_line' id='line_1_29' title="bbox 180 3038 1181 3112; baseline 0.004 -21"><span class='ocrx_word' id='word_1_213' title='bbox 180 3047 223 3099; x_wconf 82' lang='lat'><strong>49.</strong></span> <span class='ocrx_word' id='word_1_214' title='bbox 257 3043 429 3094; x_wconf 79' lang='lat' dir='ltr'><strong>adhibebitur.</strong></span> <span class='ocrx_word' id='word_1_215' title='bbox 467 3040 588 3110; x_wconf 77' lang='lat' dir='ltr'><strong>Alioqui]</strong></span> <span class='ocrx_word' id='word_1_216' title='bbox 615 3043 689 3095; x_wconf 82' lang='lat' dir='ltr'><strong>Crat.</strong></span> <span class='ocrx_word' id='word_1_217' title='bbox 711 3038 817 3112; x_wconf 76' lang='lat' dir='ltr'><strong>Gryplt.</strong></span> <span class='ocrx_word' id='word_1_218' title='bbox 837 3046 861 3098; x_wconf 86' lang='grc'><strong>1.</strong></span> <span class='ocrx_word' id='word_1_219' title='bbox 888 3041 948 3096; x_wconf 75' lang='lat' dir='ltr'><strong>Ald.</strong></span> <span class='ocrx_word' id='word_1_220' title='bbox 969 3045 996 3098; x_wconf 67' lang='lat'><strong>2·</strong></span> <span class='ocrx_word' id='word_1_221' title='bbox 1025 3041 1181 3097; x_wconf 62' lang='lat' dir='ltr'><strong>Camenis.</strong></span> 
     </span>
    </p>

    <p class='ocr_par' dir='ltr' id='par_1_12' title="bbox 107 3108 1184 3513">
     <span class='ocr_line' id='line_1_30' title="bbox 111 3108 1184 3181; baseline -0.002 -17"><span class='ocrx_word' id='word_1_222' title='bbox 111 3112 180 3165; x_wconf 68' lang='grc' dir='ltr'><strong>ΕΓΗ.</strong></span> <span class='ocrx_word' id='word_1_223' title='bbox 195 3110 260 3164; x_wconf 84' lang='lat' dir='ltr'><strong>Sch.</strong></span> <span class='ocrx_word' id='word_1_224' title='bbox 280 3108 376 3163; x_wconf 62' lang='grc' dir='ltr'><strong>οη-</strong></span> <span class='ocrx_word' id='word_1_225' title='bbox 396 3111 563 3160; x_wconf 79' lang='lat' dir='ltr'><strong>adhibebitur</strong></span> <span class='ocrx_word' id='word_1_226' title='bbox 577 3111 688 3180; x_wconf 76' lang='lat' dir='ltr'><strong>alioqui.</strong></span> <span class='ocrx_word' id='word_1_227' title='bbox 728 3113 845 3175; x_wconf 73' lang='lat' dir='ltr'><strong>Quernam</strong></span> <span class='ocrx_word' id='word_1_228' title='bbox 861 3113 943 3165; x_wconf 86' lang='lat' dir='ltr'><strong>Grut.</strong></span> <span class='ocrx_word' id='word_1_229' title='bbox 961 3138 988 3154; x_wconf 86' lang='lat'><strong>-·</strong></span> <span class='ocrx_word' id='word_1_230' title='bbox 1011 3128 1068 3168; x_wconf 88' lang='lat' dir='ltr'><strong>om.</strong></span> <span class='ocrx_word' id='word_1_231' title='bbox 1082 3113 1184 3181; x_wconf 76' lang='lat' dir='ltr'><strong>alioqui</strong></span> 
     </span>
     <span class='ocr_line' id='line_1_31' title="bbox 110 3177 1122 3236; baseline 0.004 -4"><span class='ocrx_word' id='word_1_232' title='bbox 110 3182 167 3234; x_wconf 88' lang='lat' dir='ltr'><strong>Vit.</strong></span> <span class='ocrx_word' id='word_1_233' title='bbox 183 3184 234 3234; x_wconf 89' lang='lat' dir='ltr'><strong>Dr.</strong></span> <span class='ocrx_word' id='word_1_234' title='bbox 248 3181 330 3231; x_wconf 89' lang='lat' dir='ltr'><strong>Mon.</strong></span> <span class='ocrx_word' id='word_1_235' title='bbox 346 3180 401 3231; x_wconf 83' lang='lat' dir='ltr'><strong>Gu.</strong></span> <span class='ocrx_word' id='word_1_236' title='bbox 420 3181 443 3232; x_wconf 86' lang='grc'><strong>1.</strong></span> <span class='ocrx_word' id='word_1_237' title='bbox 458 3181 483 3234; x_wconf 73' lang='grc'><strong>2.</strong></span> <span class='ocrx_word' id='word_1_238' title='bbox 500 3180 568 3234; x_wconf 87' lang='lat' dir='ltr'><strong>Ven.</strong></span> <span class='ocrx_word' id='word_1_239' title='bbox 586 3183 610 3233; x_wconf 89' lang='lat'><strong>1.</strong></span> <span class='ocrx_word' id='word_1_240' title='bbox 624 3183 648 3234; x_wconf 72' lang='lat'><strong>2.</strong></span> <span class='ocrx_word' id='word_1_241' title='bbox 668 3181 746 3232; x_wconf 87' lang='lat' dir='ltr'><strong>Med.</strong></span> <span class='ocrx_word' id='word_1_242' title='bbox 761 3178 825 3232; x_wconf 79' lang='lat' dir='ltr'><strong>Tul.</strong></span> <span class='ocrx_word' id='word_1_243' title='bbox 840 3177 912 3232; x_wconf 88' lang='lat' dir='ltr'><strong>Vict.</strong></span> <span class='ocrx_word' id='word_1_244' title='bbox 927 3183 1005 3232; x_wconf 83' lang='lat' dir='ltr'><strong>Man.</strong></span> <span class='ocrx_word' id='word_1_245' title='bbox 1020 3183 1082 3235; x_wconf 86' lang='lat' dir='ltr'><strong>Atd.</strong></span> <span class='ocrx_word' id='word_1_246' title='bbox 1099 3185 1122 3236; x_wconf 90' lang='lat' dir='ltr'><strong>l.</strong></span> 
     </span>
     <span class='ocr_line' id='line_1_32' title="bbox 109 3248 1182 3313; baseline 0 -13"><span class='ocrx_word' id='word_1_247' title='bbox 109 3255 186 3302; x_wconf 84' lang='lat' dir='ltr'><strong>modo</strong></span> <span class='ocrx_word' id='word_1_248' title='bbox 202 3251 283 3302; x_wconf 74' lang='lat' dir='ltr'><strong>ittein</strong></span> <span class='ocrx_word' id='word_1_249' title='bbox 294 3249 387 3313; x_wconf 82' lang='lat' dir='ltr'><strong>honis]</strong></span> <span class='ocrx_word' id='word_1_250' title='bbox 405 3250 479 3305; x_wconf 79' lang='lat' dir='ltr'><strong>modo</strong></span> <span class='ocrx_word' id='word_1_251' title='bbox 494 3249 623 3298; x_wconf 82' lang='lat' dir='ltr'><strong>virbonus</strong></span> <span class='ocrx_word' id='word_1_252' title='bbox 635 3248 680 3299; x_wconf 77' lang='lat' dir='ltr'><strong>itte</strong></span> <span class='ocrx_word' id='word_1_253' title='bbox 693 3250 811 3299; x_wconf 85' lang='lat' dir='ltr'><strong>haerebit</strong></span> <span class='ocrx_word' id='word_1_254' title='bbox 825 3261 850 3298; x_wconf 82' lang='lat' dir='ltr'><strong>et</strong></span> <span class='ocrx_word' id='word_1_255' title='bbox 861 3251 964 3300; x_wconf 77' lang='lat' dir='ltr'><strong>habebit</strong></span> <span class='ocrx_word' id='word_1_256' title='bbox 973 3251 1001 3300; x_wconf 76' lang='lat' dir='ltr'><strong>in</strong></span> <span class='ocrx_word' id='word_1_257' title='bbox 1010 3254 1065 3301; x_wconf 76' lang='lat' dir='ltr'><strong>suin</strong></span> <span class='ocrx_word' id='word_1_258' title='bbox 1073 3253 1146 3306; x_wconf 86' lang='lat' dir='ltr'><strong>Ven.</strong></span> <span class='ocrx_word' id='word_1_259' title='bbox 1155 3253 1182 3306; x_wconf 77' lang='grc'><strong>2.</strong></span> 
     </span>
     <span class='ocr_line' id='line_1_33' title="bbox 108 3314 1147 3373; baseline -0.001 -3"><span class='ocrx_word' id='word_1_260' title='bbox 108 3321 173 3373; x_wconf 89' lang='lat' dir='ltr'><strong>Tul.</strong></span> <span class='ocrx_word' id='word_1_261' title='bbox 186 3348 219 3359; x_wconf 89' lang='lat'><em>-</em></span> <span class='ocrx_word' id='word_1_262' title='bbox 234 3321 309 3368; x_wconf 76' lang='lat' dir='ltr'><strong>ruodo</strong></span> <span class='ocrx_word' id='word_1_263' title='bbox 322 3319 363 3367; x_wconf 84' lang='lat' dir='ltr'><strong>vir</strong></span> <span class='ocrx_word' id='word_1_264' title='bbox 377 3316 422 3367; x_wconf 79' lang='lat' dir='ltr'><strong>itte</strong></span> <span class='ocrx_word' id='word_1_265' title='bbox 436 3314 516 3367; x_wconf 83' lang='lat' dir='ltr'><strong>bonus</strong></span> <span class='ocrx_word' id='word_1_266' title='bbox 532 3319 559 3366; x_wconf 79' lang='lat' dir='ltr'><strong>in</strong></span> <span class='ocrx_word' id='word_1_267' title='bbox 572 3318 645 3367; x_wconf 72' lang='lat' dir='ltr'><strong>bonis</strong></span> <span class='ocrx_word' id='word_1_268' title='bbox 657 3319 774 3368; x_wconf 76' lang='lat' dir='ltr'><strong>haerebit</strong></span> <span class='ocrx_word' id='word_1_269' title='bbox 788 3330 812 3368; x_wconf 82' lang='lat' dir='ltr'><strong>et</strong></span> <span class='ocrx_word' id='word_1_270' title='bbox 826 3319 961 3368; x_wconf 73' lang='lat' dir='ltr'><strong>habitabit</strong></span> <span class='ocrx_word' id='word_1_271' title='bbox 976 3322 1031 3370; x_wconf 81' lang='lat' dir='ltr'><strong>suis</strong></span> <span class='ocrx_word' id='word_1_272' title='bbox 1045 3318 1106 3372; x_wconf 81' lang='lat' dir='ltr'><strong>Ald.</strong></span> <span class='ocrx_word' id='word_1_273' title='bbox 1121 3323 1147 3372; x_wconf 68' lang='grc' dir='ltr'><strong>Ξ.</strong></span> 
     </span>
     <span class='ocr_line' id='line_1_34' title="bbox 109 3387 1183 3453; baseline 0.003 -15"><span class='ocrx_word' id='word_1_274' title='bbox 109 3403 156 3439; x_wconf 85' lang='lat' dir='ltr'><strong>out</strong></span> <span class='ocrx_word' id='word_1_275' title='bbox 171 3388 293 3453; x_wconf 86' lang='lat' dir='ltr'><strong>molliet]</strong></span> <span class='ocrx_word' id='word_1_276' title='bbox 318 3399 348 3435; x_wconf 85' lang='lat' dir='ltr'><strong>ut</strong></span> <span class='ocrx_word' id='word_1_277' title='bbox 368 3405 401 3439; x_wconf 88' lang='lat' dir='ltr'><strong>m.</strong></span> <span class='ocrx_word' id='word_1_278' title='bbox 416 3413 449 3424; x_wconf 98' lang='lat'><em>-</em></span> <span class='ocrx_word' id='word_1_279' title='bbox 462 3397 493 3435; x_wconf 83' lang='lat' dir='ltr'><strong>ut</strong></span> <span class='ocrx_word' id='word_1_280' title='bbox 509 3405 563 3436; x_wconf 82' lang='lat' dir='ltr'><strong>oce.</strong></span> <span class='ocrx_word' id='word_1_281' title='bbox 578 3414 612 3424; x_wconf 91' lang='lat'>—</span> <span class='ocrx_word' id='word_1_282' title='bbox 625 3399 653 3435; x_wconf 86' lang='lat' dir='ltr'><strong>ut</strong></span> <span class='ocrx_word' id='word_1_283' title='bbox 673 3389 735 3435; x_wconf 82' lang='lat' dir='ltr'><strong>abd.</strong></span> <span class='ocrx_word' id='word_1_284' title='bbox 749 3415 783 3426; x_wconf 91' lang='lat'>-</span> <span class='ocrx_word' id='word_1_285' title='bbox 798 3399 842 3436; x_wconf 83' lang='lat' dir='ltr'><strong>aut</strong></span> <span class='ocrx_word' id='word_1_286' title='bbox 856 3387 933 3437; x_wconf 80' lang='lat' dir='ltr'><strong>uliud</strong></span> <span class='ocrx_word' id='word_1_287' title='bbox 943 3389 976 3443; x_wconf 91' lang='lat' dir='ltr'><strong>L.</strong></span> <span class='ocrx_word' id='word_1_288' title='bbox 992 3417 1027 3427; x_wconf 93' lang='lat'><em>-</em></span> <span class='ocrx_word' id='word_1_289' title='bbox 1041 3401 1071 3440; x_wconf 84' lang='lat' dir='ltr'><strong>ut</strong></span> <span class='ocrx_word' id='word_1_290' title='bbox 1083 3389 1183 3441; x_wconf 74' lang='lat' dir='ltr'><strong>molliet</strong></span> 
     </span>
     <span class='ocr_line' id='line_1_35' title="bbox 107 3449 1005 3513; baseline 0 -3"><span class='ocrx_word' id='word_1_291' title='bbox 107 3461 161 3511; x_wconf 88' lang='lat' dir='ltr'><strong>Dr.</strong></span> <span class='ocrx_word' id='word_1_292' title='bbox 177 3457 237 3513; x_wconf 77' lang='lat' dir='ltr'><strong>ald.</strong></span> <span class='ocrx_word' id='word_1_293' title='bbox 251 3459 277 3510; x_wconf 71' lang='grc'><strong>2.</strong></span> <span class='ocrx_word' id='word_1_294' title='bbox 297 3455 367 3506; x_wconf 89' lang='lat' dir='ltr'><strong>Vict.</strong></span> <span class='ocrx_word' id='word_1_295' title='bbox 383 3457 458 3508; x_wconf 85' lang='lat' dir='ltr'><strong>Crat.</strong></span> <span class='ocrx_word' id='word_1_296' title='bbox 474 3480 508 3492; x_wconf 96' lang='lat'><em>-</em></span> <span class='ocrx_word' id='word_1_297' title='bbox 523 3465 553 3505; x_wconf 84' lang='lat' dir='ltr'><strong>ut</strong></span> <span class='ocrx_word' id='word_1_298' title='bbox 567 3453 669 3506; x_wconf 86' lang='lat' dir='ltr'><strong>molliat</strong></span> <span class='ocrx_word' id='word_1_299' title='bbox 682 3449 752 3508; x_wconf 82' lang='lat' dir='ltr'><strong>Ven·</strong></span> <span class='ocrx_word' id='word_1_300' title='bbox 768 3456 793 3510; x_wconf 75' lang='lat'><strong>1·</strong></span> <span class='ocrx_word' id='word_1_301' title='bbox 806 3460 835 3513; x_wconf 75' lang='lat'><strong>2.</strong></span> <span class='ocrx_word' id='word_1_302' title='bbox 853 3456 928 3511; x_wconf 79' lang='lat' dir='ltr'><strong>Med.</strong></span> <span class='ocrx_word' id='word_1_303' title='bbox 939 3454 1005 3511; x_wconf 83' lang='lat' dir='ltr'><strong>Tul.</strong></span> 
     </span>
    </p>

    <p class='ocr_par' dir='ltr' id='par_1_13' title="bbox 138 3522 504 3662">
     <span class='ocr_line' id='line_1_36' title="bbox 138 3522 504 3662; baseline -0.005 -16"><span class='ocrx_word' id='word_1_304' title='bbox 138 3525 272 3662; x_wconf 71' lang='lat' dir='ltr'><strong>alut</strong></span> <span class='ocrx_word' id='word_1_305' title='bbox 286 3522 504 3644; x_wconf 55' lang='lat' dir='ltr'><strong>statutt·</strong></span> 
     </span>
    </p>

    <p class='ocr_par' dir='ltr' id='par_1_14' title="bbox 142 3656 504 3735">
     <span class='ocr_line' id='line_1_37' title="bbox 142 3656 504 3735; baseline -0.006 -19"><span class='ocrx_word' id='word_1_306' title='bbox 142 3665 255 3735; x_wconf 70' lang='lat' dir='ltr'><strong>aff&#39;eret]</strong></span> <span class='ocrx_word' id='word_1_307' title='bbox 275 3661 385 3730; x_wconf 78' lang='lat' dir='ltr'><strong>afferret</strong></span> <span class='ocrx_word' id='word_1_308' title='bbox 399 3662 466 3714; x_wconf 80' lang='lat' dir='ltr'><strong>Van.</strong></span> <span class='ocrx_word' id='word_1_309' title='bbox 480 3656 504 3714; x_wconf 82' lang='lat'><strong>1.</strong></span> 
     </span>
    </p>

    <p class='ocr_par' dir='ltr' id='par_1_15' title="bbox 143 3724 691 3813">
     <span class='ocr_line' id='line_1_38' title="bbox 143 3724 691 3813; baseline -0.009 -28"><span class='ocrx_word' id='word_1_310' title='bbox 143 3733 304 3802; x_wconf 80' lang='lat' dir='ltr'><strong>oppositum]</strong></span> <span class='ocrx_word' id='word_1_311' title='bbox 318 3789 322 3797; x_wconf 35' lang='grc' dir='ltr'>Ι</span> <span class='ocrx_word' id='word_1_312' title='bbox 328 3734 491 3813; x_wconf 47' lang='lat' dir='ltr'><strong>propositum</strong></span> <span class='ocrx_word' id='word_1_313' title='bbox 503 3725 609 3813; x_wconf 44' lang='lat' dir='ltr'><strong>veliz</strong></span> <span class='ocrx_word' id='word_1_314' title='bbox 626 3724 691 3782; x_wconf 83' lang='lat' dir='ltr'><strong>Tul.</strong></span> 
     </span>
    </p>

    <p class='ocr_par' dir='ltr' id='par_1_16' title="bbox 101 3799 967 4006">
     <span class='ocr_line' id='line_1_39' title="bbox 140 3799 967 3939; baseline 0.005 -20"><span class='ocrx_word' id='word_1_315' title='bbox 140 3799 375 3939; x_wconf 66' lang='lat' dir='ltr'><strong>ttilth‘tttt&#39;l</strong></span> <span class='ocrx_word' id='word_1_316' title='bbox 388 3799 739 3936; x_wconf 61' lang='lat' dir='ltr'><strong>ttllllltblblb...</strong></span> <span class='ocrx_word' id='word_1_317' title='bbox 754 3865 872 3921; x_wconf 63' lang='lat' dir='ltr'><strong>assuas</strong></span> <span class='ocrx_word' id='word_1_318' title='bbox 886 3871 967 3923; x_wconf 73' lang='lat' dir='ltr'><strong>uon.</strong></span> 
     </span>
     <span class='ocr_line' id='line_1_40' title="bbox 101 3935 498 4006; baseline -0.013 -13"><span class='ocrx_word' id='word_1_319' title='bbox 101 4000 103 4006; x_wconf 21' lang='grc' dir='ltr'><strong><em>Α</em></strong></span> <span class='ocrx_word' id='word_1_320' title='bbox 177 3943 219 3994; x_wconf 80' lang='grc'><strong>50.</strong></span> <span class='ocrx_word' id='word_1_321' title='bbox 253 3935 327 4006; x_wconf 81' lang='lat' dir='ltr'><strong>erat]</strong></span> <span class='ocrx_word' id='word_1_322' title='bbox 348 3941 398 3988; x_wconf 86' lang='lat' dir='ltr'><strong>erit</strong></span> <span class='ocrx_word' id='word_1_323' title='bbox 416 3939 498 3993; x_wconf 79' lang='lat' dir='ltr'><strong>Mon.</strong></span> 
     </span>
    </p>

    <p class='ocr_par' dir='ltr' id='par_1_17' title="bbox 104 4000 1177 4214">
     <span class='ocr_line' id='line_1_41' title="bbox 138 4000 1177 4079; baseline 0.004 -20"><span class='ocrx_word' id='word_1_324' title='bbox 138 4008 286 4074; x_wconf 73' lang='lat' dir='ltr'><strong>vestibula]</strong></span> <span class='ocrx_word' id='word_1_325' title='bbox 297 4026 322 4060; x_wconf 89' lang='lat' dir='ltr'><strong>v.</strong></span> <span class='ocrx_word' id='word_1_326' title='bbox 344 4007 467 4058; x_wconf 87' lang='lat' dir='ltr'><strong>Nonium</strong></span> <span class='ocrx_word' id='word_1_327' title='bbox 483 4024 506 4062; x_wconf 87' lang='lat' dir='ltr'><strong>s.</strong></span> <span class='ocrx_word' id='word_1_328' title='bbox 519 4000 671 4060; x_wconf 82' lang='lat' dir='ltr'><strong>v.&#39;Victor.</strong></span> <span class='ocrx_word' id='word_1_329' title='bbox 689 4007 721 4062; x_wconf 91' lang='lat' dir='ltr'><strong>V.</strong></span> <span class='ocrx_word' id='word_1_330' title='bbox 735 4006 767 4061; x_wconf 89' lang='lat' dir='ltr'><strong>L.</strong></span> <span class='ocrx_word' id='word_1_331' title='bbox 782 4007 826 4072; x_wconf 73' lang='lat'><strong>23,</strong></span> <span class='ocrx_word' id='word_1_332' title='bbox 843 4008 884 4062; x_wconf 85' lang='lat'><strong>15.</strong></span> <span class='ocrx_word' id='word_1_333' title='bbox 902 4009 955 4061; x_wconf 89' lang='lat' dir='ltr'><strong>Iul.</strong></span> <span class='ocrx_word' id='word_1_334' title='bbox 971 4008 1077 4064; x_wconf 84' lang='lat' dir='ltr'><strong>Victor.</strong></span> <span class='ocrx_word' id='word_1_335' title='bbox 1091 4026 1120 4079; x_wconf 87' lang='lat' dir='ltr'><strong>p.</strong></span> <span class='ocrx_word' id='word_1_336' title='bbox 1135 4011 1177 4063; x_wconf 76' lang='lat'><strong>82.</strong></span> 
     </span>
     <span class='ocr_line' id='line_1_42' title="bbox 106 4075 1177 4149; baseline 0.003 -22"><span class='ocrx_word' id='word_1_337' title='bbox 106 4079 241 4146; x_wconf 77' lang='lat' dir='ltr'><strong>„Oportet</strong></span> <span class='ocrx_word' id='word_1_338' title='bbox 260 4088 361 4139; x_wconf 82' lang='lat' dir='ltr'><strong>autem,</strong></span> <span class='ocrx_word' id='word_1_339' title='bbox 379 4089 407 4126; x_wconf 81' lang='lat' dir='ltr'><strong>ut</strong></span> <span class='ocrx_word' id='word_1_340' title='bbox 422 4076 532 4126; x_wconf 83' lang='lat' dir='ltr'><strong>aedibus</strong></span> <span class='ocrx_word' id='word_1_341' title='bbox 546 4096 580 4126; x_wconf 84' lang='lat' dir='ltr'><strong>ac</strong></span> <span class='ocrx_word' id='word_1_342' title='bbox 592 4075 695 4144; x_wconf 81' lang='lat' dir='ltr'><strong>templis</strong></span> <span class='ocrx_word' id='word_1_343' title='bbox 709 4077 854 4144; x_wconf 75' lang='lat' dir='ltr'><strong>vestibula,</strong></span> <span class='ocrx_word' id='word_1_344' title='bbox 872 4080 911 4130; x_wconf 80' lang='lat' dir='ltr'><strong>sie</strong></span> <span class='ocrx_word' id='word_1_345' title='bbox 930 4082 1019 4130; x_wconf 74' lang='lat' dir='ltr'><strong>causis</strong></span> <span class='ocrx_word' id='word_1_346' title='bbox 1032 4081 1177 4149; x_wconf 80' lang='lat' dir='ltr'><strong>principia,</strong></span> 
     </span>
     <span class='ocr_line' id='line_1_43' title="bbox 104 4147 804 4214; baseline -0.003 -16"><span class='ocrx_word' id='word_1_347' title='bbox 104 4167 152 4198; x_wconf 82' lang='lat' dir='ltr'><strong>nee</strong></span> <span class='ocrx_word' id='word_1_348' title='bbox 165 4148 270 4214; x_wconf 76' lang='lat' dir='ltr'><strong>magnis</strong></span> <span class='ocrx_word' id='word_1_349' title='bbox 282 4165 367 4213; x_wconf 79' lang='lat' dir='ltr'><strong>parvo</strong></span> <span class='ocrx_word' id='word_1_350' title='bbox 379 4165 425 4195; x_wconf 83' lang='lat' dir='ltr'><strong>nee</strong></span> <span class='ocrx_word' id='word_1_351' title='bbox 434 4147 526 4212; x_wconf 84' lang='lat' dir='ltr'><strong>parvis</strong></span> <span class='ocrx_word' id='word_1_352' title='bbox 540 4163 637 4210; x_wconf 76' lang='lat' dir='ltr'><strong>magna</strong></span> <span class='ocrx_word' id='word_1_353' title='bbox 647 4147 804 4214; x_wconf 77' lang='lat' dir='ltr'><strong>praeponi.“</strong></span> 
     </span>
    </p>
   </div>
   <div class='ocr_carea' id='block_1_7' title="bbox 139 4213 507 4283">
    <p class='ocr_par' dir='ltr' id='par_1_18' title="bbox 139 4213 507 4283">
     <span class='ocr_line' id='line_1_44' title="bbox 139 4213 507 4283; baseline 0.005 -17"><span class='ocrx_word' id='word_1_354' title='bbox 139 4214 274 4283; x_wconf 67' lang='lat' dir='ltr'><strong>illustres]</strong></span> <span class='ocrx_word' id='word_1_355' title='bbox 303 4213 416 4267; x_wconf 78' lang='lat' dir='ltr'><strong>illustris</strong></span> <span class='ocrx_word' id='word_1_356' title='bbox 430 4214 507 4281; x_wconf 70' lang='lat' dir='ltr'><strong>Crat.</strong></span> 
     </span>
    </p>
   </div>
   <div class='ocr_carea' id='block_1_8' title="bbox 0 0 1350 5018">
    <p class='ocr_par' dir='ltr' id='par_1_19' title="bbox 0 0 1350 5018">
     <span class='ocr_line' id='line_1_45' title="bbox 0 0 1350 5018; baseline 0 6"><span class='ocrx_word' id='word_1_357' title='bbox 0 0 1350 5018; x_wconf 95' lang='lat' dir='ltr'><strong> </strong></span> 
     </span>
    </p>
   </div>
  </div>
 </body>
</html>
