2692 5018
304 258 375 325 AD
407 255 635 327 MARCUM
662 256 897 326 BRUTUM.
1075 270 1140 339 126

57 412 242 480 senarium.
295 410 347 479 stt
375 410 481 498 igitur
507 411 573 477 hoc
601 408 789 496 cognitum,
825 410 863 477 iu
891 413 1138 486 eolutie·etiam
1211 452 1216 459 ·

57 516 174 582 verbis
204 515 313 578 inesse
342 537 524 599 numeros,
544 576 547 581 .
564 513 766 600 eosdemque
794 535 867 581 esee
894 519 1056 585 oratorios
1079 522 1138 609 qui

58 619 128 686 sint
148 615 282 704 po'e'tici.
1132 690 1135 697 y

155 736 314 824 Sequitur
336 757 433 822 ergo,
461 747 518 811 ut,
548 735 608 820 qui
632 732 781 800 maxime
805 735 927 802 cadant
946 737 981 803 iu
1009 740 1135 807 oratio-
1155 747 1200 814 67

57 844 141 909 nem
175 851 288 925 aptam
319 838 471 922 numeri,
514 835 695 901 videndum
726 834 779 902 ait.
844 839 928 904 Sunt
959 843 1048 908 euim
1077 845 1135 931 qui
1149 849 1198 908 191

57 942 243 1011 iambicum
265 951 403 1029 putent,
433 939 523 1024 quod
545 938 588 1002 sit
608 935 749 1002 orationi
770 938 974 1006 simillimus:
1003 947 1137 1027 quade

59 1068 161 1114 causa
182 1043 272 1120 fieri,
294 1053 332 1106 ut
351 1042 379 1106 is
400 1040 611 1129 potissimum
634 1049 771 1125 propter
792 1043 1049 1110 similitudinem
1071 1069 1137 1111 ve-

58 1146 165 1216 ritatis
186 1144 385 1210 adhibeatur
406 1145 439 1208 iu
460 1141 601 1220 fabulis,
622 1140 710 1223 quod
734 1141 787 1205 ille
809 1145 991 1231 dactylicus
1013 1169 1136 1213 nume-

59 1275 118 1317 rus
147 1252 419 1312 hexametrorum
447 1241 747 1330 magniloquentiae
775 1245 819 1308 sit
841 1248 1134 1313 accommodatior.

59 1351 216 1440 Ephorus
244 1359 377 1430 autem,
421 1346 507 1413 levia
537 1349 608 1434 ipse
644 1357 758 1409 orator
791 1348 849 1412 sed
888 1347 1073 1433 proiectus<
1091 1371 1134 1416 ex

68 1453 193 1540 optima
214 1451 404 1536 disciplina,
426 1472 553 1535 paeana
573 1449 725 1534 sequitur
746 1461 805 1512 aut
826 1449 1011 1536 dactylum,
1045 1450 1134 1536 fugit

61 1566 175 1620 autem
203 1553 392 1639 spondeum
430 1563 464 1617 et
495 1552 701 1618 trochaeum.
758 1550 860 1638 Quod
898 1555 989 1618 enim
1024 1553 1138 1641 paean

60 1901 183 1949 reeentt.
208 1891 298 1946 Malui
319 1900 414 1946 eutem
440 1901 567 1947 veterum
594 1893 845 1964 grammaticorum
873 1904 1023 1966 praecepta
1051 1899 1131 1967 aequi

62 1981 151 2034 quem
179 1963 380 2026 recentiorum,
411 1979 477 2015 cum
502 1963 546 2015 illi
568 1966 684 2016 omuino
704 1966 813 2034 magnis
836 1966 866 2018 in
890 1966 972 2018 rebus
993 1968 1133 2023 excellere
1239 1982 1243 1989 ’

59 2029 224 2096 videantur,
240 2031 272 2083 hi
286 2033 450 2101 plerumque
467 2033 497 2084 in
516 2034 618 2098 parvis.

94 2101 231 2169 immittit]
251 2102 318 2152 Ven.
336 2105 359 2154 1.
371 2103 398 2155 2.
414 2101 490 2152 Med.
505 2103 570 2156 Tul.
587 2102 667 2157 etad.
690 2104 733 2157 Ju.
753 2105 800 2156 Cr.
821 2101 894 2156 Viet.
920 2105 999 2156 Man.
1023 2104 1074 2158 Or.
1094 2135 1130 2145 -

57 2172 172 2225 inmittit
185 2170 244 2226 vit.
259 2170 311 2224 Dr.
331 2199 365 2208 -
380 2173 478 2221 emittit
489 2173 522 2223 L.

94 2242 132 2291 eit
148 2239 254 2309 igitur]
272 2241 312 2290 cic
325 2241 364 2307 ig.
384 2240 450 2292 Vett.
466 2243 490 2293 1.
503 2242 530 2293 2.

94 2310 141 2378 qui
157 2306 228 2376 einr]
248 2310 294 2375 qui
308 2319 368 2358 eant
386 2308 418 2359 L.
436 2308 518 2361 hldd.
540 2310 587 2366 Cr.
602 2311 646 2363 Ju.
663 2309 770 2380 Gryph.
787 2313 811 2368 1.
822 2314 849 2366 2.

129 2447 197 2512 Cep·
217 2445 261 2500 57.
296 2446 354 2500 191.
389 2447 437 2514 qui
448 2445 580 2514 maxime]
599 2465 666 2516 quae
681 2455 795 2499 maxime
809 2449 870 2503 Vct.

92 2517 233 2568 videndum
253 2516 307 2575 eit]
328 2531 383 2568 om.
394 2516 431 2565 eit
445 2515 513 2567 Ven.
529 2525 554 2575 1.

93 2597 156 2636 eunt
171 2583 257 2651 enim]
276 2584 332 2637 vit.
345 2582 441 2650 steph.
458 2585 490 2636 L·
503 2600 537 2636 ac
550 2592 664 2638 recenti.
677 2614 713 2625 -
729 2597 754 2636 et
769 2597 830 2636 sunt
844 2588 913 2638 enim
934 2588 985 2640 Dr.
1011 2589 1080 2642 ven.
1099 2591 1134 2651 1.,

58 2653 140 2707 Aldd.
153 2654 197 2707 Ju.
209 2650 290 2703 Med.
312 2652 358 2706 Cr.
374 2653 447 2704 Vt'ct.

92 2722 253 2788 iambicum]
274 2722 387 2773 iambum
402 2723 470 2777 Ven.
482 2723 508 2776 2.
521 2722 586 2777 Tul.
601 2722 709 2793 Gryph.
731 2724 758 2779 2.
773 2749 808 2764 -
828 2727 980 2795 ambiguum
995 2726 1057 2783 vet.

94 2790 225 2859 orationi]
249 2794 350 2840 oratori
361 2791 413 2842 Dr.

93 2858 260 2927 simillimae]
278 2857 508 2914 cimillimumVet.
566 2895 568 2900 -

98 2929 195 2997 quade
209 2929 306 2996 cauca]
327 2947 379 2997 qua
393 2934 426 2979 ‹te
440 2946 522 2976 cauea
541 2929 644 2979 ratione
656 2930 824 2996 pott'reimum
836 2935 898 2985 Vel.

97 2999 168 3115 qualit
179 2995 240 3066 ille]
256 3016 333 3064 quum
346 2997 392 3050 ille
402 2997 587 3049 EruNonius
600 3014 623 3052 a.
638 3014 709 3050 voce
731 3000 972 3070 magniloquentia:
994 3005 1063 3069 quod
1077 3000 1125 3055 ille

60 3067 127 3118 dact
155 3067 196 3115 tue
215 3083 239 3120 n.
255 3073 310 3117 etc.

95 3085 243 3203 daymylicuc
254 3153 280 3186 n.
292 3135 417 3198 hexam]
439 3133 584 3185 dactiloenr
598 3134 656 3187 Vit.
671 3165 706 3175 —
721 3148 911 3187 exametrorum
930 3137 1007 3191 Med.

91 3205 158 3254 leuia
174 3204 247 3321 ipse]
264 3202 331 3254 lenit
352 3203 407 3255 vit.
421 3203 473 3257 Dr.
487 3205 552 3256 Vett.
572 3206 597 3258 2.
612 3206 659 3256 Cr.
679 3232 712 3245 -
730 3207 797 3255 tenir
820 3208 877 3274 ipre
898 3220 989 3257 orator
1011 3217 1037 3257 et
1056 3225 1125 3275 pro-

73 3273 190 3324 ceturAl
213 3273 257 3326 .2.

48 3270 119 3391 fei
132 3338 299 3408 trochaeum]
318 3351 343 3390 et
358 3340 478 3390 choreum
492 3340 561 3393 Veh.
577 3344 602 3396 2.
616 3342 680 3395 Tul.
693 3371 726 3379 -
742 3339 857 3410 Quinct.
874 3343 930 3408 IX,
948 3341 974 3405 4,
996 3344 1037 3396 87.
1056 3344 1127 3408 „Lt-

56 3423 98 3460 cet
107 3411 194 3479 igitur
204 3427 308 3475 parona
319 3409 580 3477 aequaturEphornc,
596 3414 725 3461 inventum
743 3431 761 3460 a
772 3411 978 3478 Thrasymacho,
987 3414 1126 3479 probatum

57 3485 93 3530 ab
104 3476 259 3545 Aristotele,
278 3477 474 3546 dactylumque,
494 3490 524 3527 ut
537 3483 732 3542 temperatiores
743 3481 860 3529 brevibus
874 3501 907 3530 uc
917 3481 1015 3548 langiu
1022 3480 1126 3549 fugiat

56 3549 200 3616 spondeum
213 3559 237 3597 et
252 3546 411 3608 trochaeum,
421 3545 528 3596 alteriue
542 3552 680 3606 tarditate,
688 3549 799 3598 alteriue
814 3548 948 3599 celeritate
963 3549 1126 3602 damnata.“

56 3616 205 3668 eta-De
215 3614 244 3666 vi
257 3623 350 3666 autem
364 3615 442 3665 vocis
454 3616 591 3666 trochaeus
605 3636 631 3670 v.
646 3618 762 3686 Quinct.
778 3617 825 3682 IX,
833 3616 860 3683 4,
879 3619 922 3672 82.
941 3621 1026 3684 „Tres
1038 3621 1125 3681 trever,

57 3683 208 3753 (syllabae)
225 3684 517 3751 trochaeum,qnem
530 3686 740 3755 tribrachyn
760 3686 926 3752 dt'eivolunt,
942 3687 1125 3756 quichoreo

56 3766 113 3806 iro
124 3753 161 3812 ch
169 3772 186 3803 a
194 3762 223 3804 ct
231 3754 504 3820 nomenyimponnut*
514 3752 667 3821 efficiunt.“
677 3755 743 3822 Μ,
751 3757 793 3808 80.
804 3757 949 3821 —„iambo
962 3758 1126 3807 contrarium

56 3822 181 3890 (pedem)
200 3821 346 3890 elanguet
362 3823 433 3871 brevi
444 3821 619 3888 choreum,
638 3843 688 3873 non
702 3837 732 3872 nt
753 3825 804 3872 olii
821 3825 1023 3875 trochaeum
1041 3828 1126 3876 nomi·

55 3897 175 3942 tremui.u
199 3889 363 3943 Trochaeus
377 3889 536 3959 appellatur
551 3891 598 3959 qui
614 3891 682 3943 alias
696 3893 829 3958 choreus,
848 3892 965 3945 choreus
986 3909 1051 3946 vero
1075 3894 1126 3964 qui

54 3959 207 4013 trochaeus
220 3960 297 4012 ulitts.
316 3960 352 4011 cf.
367 3960 393 4027 ἓ.
410 3960 469 4013 212.
489 3961 716 4021 „latinitatem
731 3963 845 4010 ambitur
859 3965 942 4012 mortis
957 3960 1093 4030 plnrihno,
1112 3982 1127 4015 e

56 4030 151 4098 quidue
169 4048 248 4078 unum
272 4040 310 4078 est
329 4040 420 4078 tecuta
442 4029 512 4077 Aria
533 4033 663 4096 maxime,
691 4032 736 4098 qui
756 4031 895 4099 διχορεῖος
917 4044 1041 4098 uocatur,
1066 4051 1126 4082 eum

55 4098 368 4150 ‹luoextremichorei
386 4108 461 4160 runt,
478 4099 575 4165 idest,
594 4098 788 4166 eringuliu
813 4100 936 4169 longia
961 4112 992 4150 et
1017 4102 1126 4152 breui·

55 4168 125 4219 huc.
150 4166 355 4235 Explanandum
372 4168 508 4235 ectenim,
527 4170 597 4235 quod
611 4169 645 4219 ab
660 4167 726 4221 aliie
744 4169 826 4220 iidem
847 4171 926 4238 petite
952 4167 1015 4222 altio
1036 4175 1126 4223 nomi·

54 4249 156 4288 untur
166 4234 333 4289 uocabulit.“
