2692 5018
191 678 291 742 Allata
325 691 370 742 est
401 682 495 743 altero
528 668 598 764 pars
627 679 798 743 collationis
834 678 948 739 codicis
987 678 1183 759 Monacensis,

105 781 188 842 libro
219 783 279 844 hoc
305 787 386 864 typis
415 787 474 845 iens
504 807 598 868 prope
626 807 780 866 expresso.
823 784 896 841 Cum
919 791 1019 842 autem
1042 786 1185 844 nonnulla

107 888 263 947 continere
296 889 453 959 videretur
488 887 563 948 haec
601 889 740 962 collatio,
785 907 861 965 quae
902 886 1073 963 cognitione
1115 898 1186 948 sunt

107 989 217 1066 digna,
257 990 288 1049 in
326 991 523 1072 appendicem
553 1011 617 1050 eom
648 988 797 1048 coniicere
825 988 916 1048 motui
945 1008 1034 1067 quem
1064 990 1184 1051 omnino

108 1093 256 1153 omittere.

129 1224 230 1285 Edit.
258 1228 442 1286 Ernestit
474 1226 599 1288 Halis

266 1315 351 1371 Sax.
379 1318 469 1379 1774.

108 1431 182 1511 Cep.
200 1435 252 1497 41.
274 1435 344 1496 140.
356 1428 417 1492 hoc
432 1434 463 1494 in
477 1454 584 1514 genere

108 1517 164 1575 etsi
179 1517 340 1577 movebant

107 1612 208 1662 tamen
226 1603 262 1662 iis

109 1688 147 1747 de
162 1688 257 1758 nullo,
280 1687 318 1748 de
330 1686 457 1749 artificio

111 1778 182 1838 141.
205 1772 363 1852 profiterer

112 1864 184 1923 142.
206 1880 265 1917 uon
279 1859 368 1918 modo
384 1879 435 1918 eos
448 1868 536 1919 ornet

110 1943 142 2002 id
160 1965 217 2001 non
233 1943 394 2021 gloriosum
411 1944 520 2004 docere

112 2051 138 2090 c.
153 2035 205 2094 42.
225 2035 295 2094 143.
318 2030 339 2089 ii
357 2030 408 2109 qui

98 2158 100 2163 -
113 2125 141 2174 et
157 2114 343 2174 discentibus

115 2203 184 2265 144.
203 2200 419 2278 indignitatem
436 2198 546 2260 docere

113 2371 360 2430 communicando

113 2455 280 2515 audiendo:
302 2455 402 2514 nescio
427 2452 564 2514 docendo
581 2462 627 2513 et·

156 2542 214 2598 iani
225 2540 340 2618 aliquid
350 2540 509 2619 aliquando
521 2540 545 2598 si
558 2559 628 2620 pos·

156 2629 196 2685 sis
212 2624 350 2686 meliores
365 2625 472 2685 faeere.

115 2716 186 2780 145.
208 2720 298 2789 turpe
314 2731 379 2772 esse

115 2801 187 2862 146.
209 2796 369 2857 obruissem

116 2903 144 2940 c.
159 2885 209 2946 43.
234 2885 303 2945 147.
323 2882 396 2962 quin
412 2880 565 2966 delecter.¹

116 2971 190 3032 148.
213 2986 281 3024 cum
300 2983 382 3028 meae

115 3072 176 3111 non
193 3071 240 3109 me
256 3061 308 3110 aut

116 3157 192 3217 quae
210 3136 329 3215 quidem
346 3157 394 3197 me

116 3246 143 3282 c.
158 3225 208 3286 44.
226 3228 295 3287 149.
317 3223 492 3284 numerose*

115 3319 151 3368 ut
164 3308 216 3365 fiat
230 3307 314 3386 qussi
410 3320 413 3325 '

114 3415 170 3453 nec
183 3403 281 3451 tamen
295 3391 348 3453 fiat

115 3480 261 3539 Lucilium

119 3570 189 3628 150.
213 3563 305 3623 lexeis

115 3651 146 3708 in
162 3652 287 3725 legendo

117 3737 149 3793 iu
165 3735 304 3806 diceudo!

118 3819 298 3879 ise-efficiat

118 3926 283 3984 gravesque
298 3906 459 3966 sententiae

119 3994 172 4070 qui
186 4002 304 4048 vocales

122 4085 192 4143 151.
214 4080 296 4134 tanto
310 4093 400 4151 opere

119 4161 257 4242 populari
274 4157 409 4219 oratione

120 4252 165 4307 sic
179 4248 308 4329 probate

726 1222 853 1286 Codex
872 1220 1157 1295 Monacensis.¹

675 1429 729 1490 hec
747 1432 781 1489 tn
797 1450 905 1509 genere

677 1519 734 1574 etsi
747 1536 809 1573 non
824 1515 983 1583 movebant

676 1613 777 1660 tamen
790 1601 841 1659 his
916 1623 919 1631 ·

678 1685 714 1745 de
729 1686 815 1744 nullo
829 1685 964 1764 artificio

669 1765 821 1853 profitear
911 1792 914 1796 ·

676 1878 739 1916 non
753 1877 802 1914 eos
815 1869 907 1918 ornat

676 1941 715 2001 id
734 1964 795 2000 non
815 1946 987 2024 gloriosum
1014 1953 1058 2002 est
1077 1939 1189 2003 docere.

675 2028 724 2104 hij
749 2030 806 2106 qni

676 2111 863 2172 discentibus
877 2124 906 2170 et

678 2197 723 2257 ad
745 2196 928 2278 dignitatem
956 2197 1067 2256 nulius
1091 2194 1194 2255 docere

721 2305 780 2342 non
795 2283 906 2342 habent
919 2294 995 2341 certe
1011 2304 1049 2345 se.

678 2367 935 2428 commemorando

678 2452 849 2529 audiendo,
871 2456 969 2512 nescio
989 2473 1045 2511 cnr
1065 2472 1124 2509 non
1142 2448 1193 2508 cte·-

720 2535 1193 2618 cmdoetiamaliqnidaliqnan·

721 2622 762 2683 do
770 2645 876 2703 posses·
888 2624 999 2684 nntius
1001 2624 1119 2701 facere.

679 2796 836 2879 affuissem

680 2885 757 2963 quin
777 2879 898 2940 delectet

681 2985 753 3026 cum
771 2987 818 3023 me
931 2992 935 2999 -

680 3074 742 3113 non
754 3072 821 3111 mea
832 3060 869 3108 ut
883 3051 891 3063 “

680 3160 740 3200 om.
753 3157 800 3194 me

682 3225 822 3283 universe

682 3319 726 3369 est
739 3309 817 3365 enirn
835 3303 927 3383 qnasi

682 3415 736 3454 nec
747 3391 828 3450 idem
843 3399 942 3448 tomen
947 3387 1006 3467 fiet

683 3477 776 3541 lucill

682 3566 766 3624 lexis

683 3641 881 3724 intelligendo

683 3739 718 3795 in
733 3727 866 3791 docendo

684 3816 879 3895 nec-efficiet

681 3922 854 3986 gravesque
867 3917 980 3958 causas
997 3894 1137 3952 sententie

685 3993 763 4072 quin
778 3985 895 4047 vocalis

686 4085 840 4151 tantopere

687 4183 746 4221 om.
768 4155 905 4215 oratione

688 4250 717 4306 st
727 4242 861 4326 probata
