2692 5018
209 277 273 342 ss6
642 257 881 331 ORATOR'

209 421 297 489 tuito
336 441 436 509 saepe
470 416 596 504 aliquid
630 418 785 486 concluse
815 427 959 506 apteque
992 412 1158 483 dicerent.¹
1192 412 1288 500 quod

210 547 289 592 cum
308 522 437 589 animos
465 520 644 587 hominum
663 542 829 607 auresque
850 520 1049 608 pepulisset,
1080 533 1120 586 ut
1143 518 1290 602 intelligi

210 638 337 714 posset,
364 624 398 689 id
420 625 510 710 quod
531 617 626 704 casus
650 622 818 688 effudisset
838 621 992 687 cecidisse
1018 620 1185 686 iucunde:
1221 616 1289 684 no-

210 729 351 794 tandum
374 739 462 792 certe
482 724 607 813 genus,
643 736 745 811 atque
768 724 834 813 ipsi
864 724 928 790 sibi
952 724 1106 789 imitandi
1134 723 1288 788 fuerunt.

209 831 317 898 Aures
348 828 439 892 enim
468 825 524 891 vel
551 825 684 892 animus
719 826 851 891 aurium
881 825 1222 891 nuntio'naturalem
1253 824 1291 888 in

209 955 247 998 se
270 930 420 997 continet
440 950 561 995 vocum
584 927 738 993 omnium
759 929 980 995 mensionem.
1023 931 1140 1017 Itaque
1162 941 1196 994 et
1208 927 1291 993 lon-

210 1034 305 1122 giora
339 1044 373 1099 et
407 1029 564 1095 breviora
604 1029 745 1109 iudicat,
790 1041 825 1095 et
858 1029 1010 1118 perfecta
1042 1054 1082 1097 ac
1112 1030 1293 1097 moderata

149 1143 201 1200 178
215 1157 349 1223 sempor
378 1144 550 1219 expectat;
581 1131 699 1198 mutila
723 1131 826 1197 sentit
854 1132 1017 1220 quaedam
1046 1144 1080 1199 et
1106 1133 1202 1217 quasi
1228 1132 1292 1197 de-

214 1248 360 1312 curtata,
386 1235 528 1321 quibus,
558 1245 718 1317 {anquam
742 1233 853 1298 debito
872 1231 1063 1316 fraudetur,
1092 1235 1289 1316 offenditur,

210 1337 425 1429 productiora
442 1335 507 1401 alia
526 1347 561 1400 et
580 1335 674 1420 quasi
690 1335 945 1402 immoderatius
962 1340 1185 1418 excurrentia,
1203 1360 1292 1424 quae

211 1440 319 1528 magis
341 1440 440 1505 etiam
464 1431 686 1525 aspernantur
712 1459 827 1502 aures:
849 1437 939 1525 quod
961 1440 1096 1505 cumin
1120 1440 1293 1528 plerisque

156 1538 1291 1626 'mmmmqmmmmmwmmuffimstfflw

212 1642 359 1714 mentius
383 1665 487 1728 quam
507 1640 542 1707 id
566 1642 655 1727 quod
682 1641 819 1707 videtur
840 1664 972 1730 parum.
1016 1645 1063 1710 Ut
1082 1645 1184 1731 igitur
1201 1645 1288 1734 poe?-

213 1748 280 1815 tica
303 1756 337 1810 ot
364 1767 483 1810 versus
509 1743 669 1808 inventus
699 1755 749 1808 est
781 1743 1015 1810 terminatione
1038 1747 1193 1827 aurium,
1226 1747 1290 1812 ob-

212 1845 399 1916 servatione
427 1845 664 1936 prudentium,
700 1841 748 1907 sic
774 1844 811 1908 in
842 1847 993 1912 oratione
1016 1848 1292 1915 animadversum

216 1962 268 2016 est
295 1950 401 2014 multo
424 1948 510 2012 illud
538 1946 673 2032 quidem
694 1950 817 2022 serius.
848 1951 904 2015 sed
936 1950 1052 2016 eadem
1085 1961 1209 2016 natura
1229 1952 1292 2017 ad-

215 2063 390 2129 monente,
427 2072 498 2117 esse
524 2052 687 2138 quosdam
711 2064 818 2118 certos
850 2074 965 2118 cursus
994 2052 1292 2141 conclusionesque

214 2155 409 2222 verborum.

304 2253 473 2344 Quoniam
495 2255 600 2340 igitur
622 2279 754 2324 causam
779 2280 915 2344 quoque
935 2255 1158 2335 ostendimus,
1189 2267 1291 2323 natu·

217 2384 294 2431 ram
320 2381 430 2432 nunc,
467 2357 516 2443 (id
547 2355 634 2424 enim
666 2371 737 2426 erat
764 2357 916 2441 tertium)
938 2357 967 2424 si
989 2358 1117 2445 placet,
1139 2358 1290 2446 explice.

218 2537 428 2555 -Ι-Ι

255 2646 377 2718 aliquid]
396 2646 473 2698 oliuu
488 2663 545 2716 mg.
567 2646 631 2702 Tul.

256 2716 383 2787 apteque]
403 2728 542 2784 operteque
551 2718 602 2773 Dr.
614 2722 675 2772 Ver.
694 2717 796 2773 Vetu2.

255 2785 557 2903 pepulissetpourisque
569 2786 727 2864 perpulieoet
747 2786 826 2842 Med.
841 2786 894 2842 Dr.
913 2786 1064 2858 vulgatam
1085 2786 1213 2843 defendit
1230 2786 1290 2840 lec-

221 2855 331 2909 tionem
346 2855 404 2905 Dra
426 2852 488 2904 enh.
501 2854 535 2904 ad
550 2856 612 2906 Lrv.
632 2856 691 2917 111,
710 2856 753 2911 30.

256 2925 287 2975 id
303 2924 373 2992 quod
388 2921 480 3045 equus]
501 2925 526 2973 si
540 2925 660 2974 idemus
676 2925 736 2976 Vet.
754 2954 784 2964 —
800 2927 830 2977 id
844 2929 912 2994 quod
927 2944 1005 2978 cacus
1020 2945 1082 2978 usuc
1101 2925 1229 2995 effudisse
1252 2945 1290 2979 u·

221 2995 304 3048 discet
321 2995 390 3045 Ven.
426 3029 434 3044 .

257 3059 400 3127 cecidisse]
420 3059 551 3110 cecidisse
563 3060 673 3111 iocunde
686 3065 757 3117 Ven.
771 3065 797 3117 2.
812 3062 875 3118 rut.

257 3128 299 3181 uel
310 3130 432 3194 unimus]
450 3130 506 3196 ipse
518 3131 585 3178 euim
599 3128 640 3180 cel
654 3132 757 3182 unimus
774 3134 828 3186 Gu.
842 3133 867 3187 8.
885 3133 946 3185 vet.

258 3198 367 3265 nuntio]
387 3201 504 3266 numptic
521 3198 578 3253 Vit.

258 3267 427 3334 mensionem]
448 3283 474 3320 v.
488 3266 613 3321 Nonium
625 3267 653 3323 h.
668 3284 694 3322 v.
713 3267 808 3339 Spald.
824 3267 860 3322 ad
876 3269 992 3340 Quinct.
1005 3270 1035 3322 11
1041 3305 1050 3333 ‚
1070 3270 1111 3327 15.
1132 3286 1160 3339 p.
1179 3270 1245 3329 353.
1260 3296 1290 3312 -

224 3337 364 3387 mationem
378 3340 441 3388 Vet.

243 3404 380 3472 iudicat]
398 3403 500 3455 indicat
516 3406 582 3457 Ven.
601 3406 626 3458 1.

259 3474 414 3541 moderato]
433 3474 453 3524 i.
471 3489 494 3524 e.
511 3474 594 3524 certis
610 3473 702 3526 modis
718 3482 872 3543 temperata
885 3484 919 3530 ut
936 3476 967 3528 in
988 3476 1118 3535 musicis.
1136 3477 1290 3534 modulata.

294 3543 354 3597 178.
390 3540 486 3595 mutila
499 3544 598 3610 sentit]
617 3545 727 3596 inutilia
740 3548 820 3596 sentit
832 3545 887 3604 vit.
902 3548 955 3601 Dr.
980 3547 1047 3602 Ven.
1070 3551 1093 3602 1·
1111 3550 1138 3602 Ξ.
1159 3549 1292 3601 -mutu

225 3610 304 3663 sentit
317 3612 378 3665 Vet.
453 3655 455 3661 .

249 3677 420 3749 fraudetur]
430 3677 564 3748 fundetur
575 3682 636 3734 vet.

232 3768 234 3772 ¹
259 3746 336 3816 alia]
355 3749 447 3816 aliquo
471 3751 522 3800 Vet

258 3817 367 3867 nimium
383 3820 451 3885 quod
466 3822 521 3880 est]
539 3834 600 3887 attp.
612 3836 635 3869 c.
650 3821 694 3874 22·
712 3820 798 3889 magis
816 3819 927 3887 offindr't
938 3824 1046 3872 nimium
1060 3841 1137 3892 quam
1151 3844 1257 3893 parum.

258 3887 364 4005 pcrsetq'lcn
381 3898 407 3936 et
425 3887 531 3957 versuo]
558 3900 653 3955 poetae
674 3906 762 3940 versuo
788 3890 843 3946 Gu.
869 3891 896 3945 3.
918 3896 977 3949 Vct.
997 3919 1032 3932 -
1058 3896 1086 3941 in
1104 3897 1212 3962 poetica
1235 3911 1292 3945 uer·

223 3969 268 4002 cus
304 3970 319 4004 0
341 3993 347 4006 .

257 4022 442 4091 prudentium]
459 4026 615 4092 prudentum
630 4025 685 4078 Gu·
700 4002 738 4078 &A

261 4092 473 4141 animaduersum
492 4095 547 4162 est]
571 4111 627 4149 om.
641 4108 679 4144 est
696 4095 752 4146 vit.

257 4158 338 4210 multo
351 4159 419 4210 illud
433 4164 554 4230 quidem]
574 4163 655 4215 multo
669 4166 775 4233 quidem
789 4163 859 4215 illud
873 4163 952 4226 Aldd,
970 4163 1016 4218 Cr.
1028 4166 1061 4223 L.

256 4247 312 4279 ease
321 4229 468 4299 quosdam]
488 4235 613 4299 quosdam
625 4253 680 4284 esee
696 4234 762 4288 Van.
787 4236 812 4288 1.
823 4236 855 4316 2.Ι
864 4234 942 4288 Med.
956 4234 1021 4289 Tul.
