2692 5018
157 270 198 336 14
338 316 341 327 .
580 262 807 332 ORATOR

103 428 139 488 2³
161 445 231 489 esee
246 431 431 506 contentos.
476 418 542 486 Sed
567 441 627 508 ego
647 419 756 500 idem,
784 417 841 504 qui
861 417 897 484 iu
917 418 976 484 illb
995 439 1167 482 sermone
1184 438 1233 480 no·

155 537 244 604 etro,
266 524 322 609 qui
340 532 387 585 est
404 521 575 608 expositus
596 524 632 586 in
651 518 779 598 Bruto,
803 521 949 586 multum
971 518 1168 586 tribuerim
1182 518 1232 585 La·

157 627 255 701 tinis,
278 625 333 690 vel
348 634 387 688 ut
407 626 561 689 hortarer
576 627 675 702 alios,
699 626 754 689 vel
776 623 867 710 quod
885 645 1036 687 amarem
1052 644 1168 694 meos,
1191 644 1233 686 re·

157 729 279 794 eordor
301 728 399 812 longe
429 727 588 791 omnibus
624 748 732 792 unum
762 727 933 790 anteferre
959 727 1231 807 Demosthenem,

157 831 214 916 qui
227 829 296 893 vim
311 829 572 894 accommodarit
591 828 631 893 ad
651 851 744 904 earn,
767 850 866 912 quarn
888 827 1051 902 sentiam,
1080 829 1231 915 eloquen-

157 933 258 1011 tiam,
293 952 362 994 non
390 931 430 996 ad
458 953 550 1007 eam,
573 953 674 1015 quam
705 929 741 993 in
770 929 880 1014 aliquo
907 930 980 1016 ipsc
1005 929 1229 1016 cognoverim.

157 1033 230 1100 Hoc
260 1056 322 1098 nec
354 1033 492 1118 gravior
523 1032 635 1097 extitit
662 1032 857 1116 quisquam,
880 1054 943 1103 nec
966 1033 1153 1115 callidior,
1185 1057 1229 1098 ner

156 1134 384 1224 temperatior.
445 1135 559 1219 Itaque
589 1134 688 1198 nobis
718 1134 878 1198 monendi
904 1136 1056 1217 sontii,
1098 1160 1228 1222 quorun

156 1260 267 1305 sermo
300 1236 476 1323 imperitus
502 1236 686 1317 increbuit,
722 1236 781 1320 qui
807 1248 865 1301 aut
896 1238 959 1302 dici
988 1261 1023 1303 se
1045 1240 1228 1306 desiderant

158 1342 305 1416 Atticos,
326 1351 386 1404 aut
399 1340 465 1428 ipsi
485 1338 597 1406 Attice
618 1339 738 1403 volunt
752 1337 888 1419 dicere,
899 1353 938 1406 ut
956 1341 1142 1410 mirentur
1157 1345 1227 1410 hunt

156 1444 321 1524 maxime,
344 1464 410 1528 quo
429 1464 473 1506 ne
487 1442 635 1509 Athenas
646 1441 779 1526 quidem
795 1441 883 1527 ipsas
896 1444 1002 1529 magis
1017 1447 1133 1511 credo
1147 1447 1227 1513 fuisse

156 1545 299 1612 Atticas:
322 1545 400 1631 quid
419 1544 506 1608 enim
527 1545 570 1609 sit
593 1542 756 1620 Atticum,
780 1543 918 1623 discant,
938 1547 1227 1636 eloquentiamque

100 1650 137 1710 rt
157 1647 261 1736 ipsius
290 1646 432 1725 viribus,
469 1669 537 1710 non
560 1643 788 1709 imbecillitate
811 1668 871 1710 sua
894 1647 1098 1716 metiantur.
1147 1653 1227 1727 liunt

111 1780 114 1787 ¹
157 1750 247 1814 enim
272 1760 402 1813 tantum
428 1748 566 1836 quisque
594 1745 728 1824 laudat,
761 1759 920 1833 quantum
938 1773 973 1815 se
1001 1773 1113 1836 posse
1136 1768 1226 1840 sperat

157 1851 291 1919 imitari.
336 1850 401 1919 Sed
431 1861 554 1937 tamen,
578 1871 631 1913 eos
656 1848 767 1914 studio
796 1855 943 1943 optimo,
978 1852 1117 1920 iudicio
1133 1858 1225 1923 minu

224 2234 269 2288 28.
305 2233 332 2281 in
344 2231 413 2299 illo]
432 2247 487 2290 om.
500 2233 528 2284 in
541 2235 623 2288 Mon.

191 2304 349 2369 tribuerim]
368 2304 504 2353 tribuerem
520 2303 574 2356 vit.
591 2305 659 2356 Ven.
678 2305 701 2358 1.
715 2307 740 2359 2.
760 2302 837 2356 Med.
850 2301 914 2356 Tul.
929 2304 1004 2357 lunt.

191 2374 312 2422 recordor
326 2369 421 2440 longe]
446 2392 485 2421 me
500 2371 576 2442 longe
591 2373 725 2427 Gothofr.
742 2386 745 2393 “

193 2444 239 2510 qui
249 2443 301 2490 irim
311 2443 515 2491 accommodarit
528 2446 580 2504 cul]
598 2463 725 2511 unumque
740 2442 981 2492 acrommodoread
988 2438 1049 2493 vit.
1062 2470 1099 2482 —
1111 2445 1224 2515 quemcir

157 2513 354 2561 accommodare
367 2513 404 2559 ad
419 2511 471 2562 Dr.
486 2510 554 2564 Ven.
570 2514 594 2565 1.
606 2514 632 2564 2.
651 2511 728 2562 Med.
741 2512 804 2562 Tul.
824 2530 902 2579 qutun
915 2511 965 2558 vim
980 2510 1068 2563 Mon.

193 2578 407 2645 utrumquem]
421 2578 513 2645 vides,
534 2589 642 2648 septem
659 2581 742 2631 verba
763 2581 890 2646 deinceps
908 2578 1119 2641 insuavissima
1137 2583 1224 2654 syllaba

155 2647 244 2700 finiri.
270 2647 434 2714 §.395bcee
455 2659 586 2698 tractasse
607 2649 830 2718 Tiraiymaclmm
854 2647 1061 2698 Clurleaedonium
1082 2656 1223 2716 primunt

155 2720 313 2768 Leontinum
320 2714 417 2782 serunt
429 2717 572 2784 Gorgiam,
603 2717 763 2767 Theodorum
778 2720 838 2767 inde
848 2719 1011 2787 Byzantium.
1021 2718 1050 2784 ὃ.
1064 2719 1116 2776 41,
1136 2723 1222 2792 loquar

130 2783 132 2789 ¹
157 2788 288 2836 Socraten.
310 2783 477 2834 Adolecccne.
499 2785 532 2836 de
545 2785 625 2838 Orat.
639 2789 662 2840 1.
682 2787 707 2854 §
720 2788 761 2841 16.
779 2787 835 2854 quie
850 2806 899 2836 non
910 2789 966 2834 iure
980 2791 1109 2856 miretur,
1131 2795 1222 2842 exomri

156 2856 283 2904 memoria
298 2863 430 2917 aetatum,
448 2865 603 2919 temporum,
620 2859 760 2907 civitatum
778 2868 833 2904 tom
848 2858 971 2924 exiguum
986 2868 1136 2910 oratorum
1152 2879 1219 2912 nunt·

155 2943 215 2976 rum
229 2923 360 2974 inveniri?
376 2923 409 2974 V.
423 2921 520 2974 Orelli.
534 2923 568 2974 ad
580 2924 723 2978 Plancien.
743 2941 770 2988 ρ.
787 2925 845 2979 158.

191 2990 371 3061 cognoverim]
392 2995 522 3059 cognorim
538 2993 637 3048 Lamb.
653 3010 709 3062 mg.
727 2993 801 3048 1584.

192 3063 299 3123 extitit]
311 3059 425 3110 Sicedd.
437 3061 524 3129 antiq.
535 3078 647 3130 omnes,
661 3073 688 3112 et
698 3063 750 3113 hac
764 3069 882 3114 utuntur
893 3060 922 3112 in
937 3061 1080 3116 similibus
1091 3064 1217 3120 vocabuli

156 3131 305 3198 scriptura.
324 3157 357 3166 —
374 3132 477 3179 exstitit
492 3139 610 3180 recentt.
647 3132 789 3184 Reiiciunt
808 3139 903 3183 autern
922 3130 995 3181 benc
1007 3134 1217 3199 geminatione!

154 3200 253 3252 literae
267 3197 421 3249 cPriscien.
440 3215 467 3266 p.
477 3200 536 3254 558.
545 3209 572 3249 et
583 3202 643 3253 995.
681 3201 774 3253 Velius
783 3202 873 3270 Long.
888 3217 915 3268 p.
925 3203 1004 3256 2226.
1026 3198 1138 3270 Quint.
1148 3202 1217 3276 1,7,t

189 3267 375 3338 temperatior]
394 3271 580 3335 temperantior
593 3272 673 3321 Mon.

189 3351 251 3388 cunt
266 3339 299 3404 ii]
312 3336 402 3388 tivit.

157 3431 161 3440 ·
188 3405 326 3472 increbuit]
335 3405 390 3460 vit.
401 3406 469 3456 Ven.
480 3408 503 3459 1.
512 3404 590 3459 Med.
605 3406 765 3460 Aldeunt.
774 3407 849 3461 Cret.
858 3409 937 3461 Men.
949 3408 998 3460 Or.
1007 3408 1124 3464 -via
1135 3415 1216 3464 Buttn

155 3475 185 3528 in
205 3475 275 3529 Add.
293 3477 327 3524 ed
348 3474 442 3542 Speld.
457 3475 554 3542 Quint.
578 3477 611 3528 T.
623 3477 649 3531 4.
667 3494 694 3544 p.
707 3477 767 3531 714.
779 3507 813 3517 -
825 3481 967 3528 increbruit
978 3480 1024 3529 Dr.
1039 3479 1116 3535 Ven.
1130 3485 1159 3537 2.
1172 3479 1217 3532 rut

155 3546 253 3598 Lemb.
267 3543 330 3597 Scb.
349 3543 423 3595 conf.
437 3544 472 3593 ed
490 3560 551 3612 cap.
565 3546 608 3597 20.
646 3547 769 3613 Utraque
781 3547 874 3597 forma
890 3547 986 3605 inrisu
1001 3546 1095 3599 fuisse
1114 3550 1217 3602 videtur.

155 3618 197 3666 Ac
208 3615 327 3665 fortasse
338 3622 484 3681 utramque
496 3613 642 3682 usurpavit
658 3616 765 3666 Cicero.
786 3617 889 3684 ubique
903 3615 980 3666 enirn
997 3615 1033 3666 ed
1048 3618 1217 3689 voluptatem

155 3685 266 3735 curium
279 3683 401 3748 scripsit.
427 3683 499 3733 Cum
513 3683 586 3734 eninr
598 3682 733 3735 acriorem
743 3684 986 3754 flagitabetcratio
995 3701 1114 3754 sonum,
1124 3702 1217 3759 asperat

155 3753 241 3821 elegit
252 3754 401 3804 verborum
413 3751 529 3804 formas.
547 3753 654 3818 alioqui
669 3753 784 3805 mollem
800 3755 975 3820 potissimum
984 3762 1011 3804 et
1023 3764 1148 3823 gratum
1160 3757 1217 3811 sori·

156 3831 218 3874 turn
230 3821 439 3872 coniectabatur
453 3829 590 3889 tanquam
604 3823 733 3873 Isocratis
747 3823 883 3874 aemulus.

190 3893 340 3941 deciderant
353 3891 471 3955 Atticos]
484 3893 637 3940 deriderunt
659 3893 782 3953 antiquos
799 3896 901 3944 Atticos
919 3892 989 3944 Ven.
1006 3893 1032 3947 l.
1049 3895 1078 3948 2.
1100 3897 1186 3954 Med.
1197 3921 1218 3938 ⁶

157 3961 274 4014 Calvum
289 3959 430 4029 significat
445 3959 552 4011 Cicero.
580 3977 604 4010 v.
618 3961 696 4010 Brut.
710 3960 752 4013 82.

189 4050 238 4098 quo
247 4050 278 4078 ne
288 4031 405 4078 Allienus
418 4030 531 4098 quidem]
546 4029 721 4095 qqutltcnar
730 4031 830 4095 quidem
840 4031 912 4091 iprae
920 4031 1006 4100 magis
1015 4048 1066 4080 non
1077 4039 1163 4088 eredo
1171 4036 1219 4090 M

155 4102 210 4151 vit.
225 4099 285 4151 Ald.
301 4102 326 4153 2.
342 4125 374 4136 -
395 4117 443 4165 qvo
457 4098 573 4150 Athenae
590 4099 692 4164 quidem
707 4100 724 4146 r'.
743 4117 775 4148 m.
789 4118 810 4150 c.
825 4098 857 4166 s.
869 4103 899 4154 Α.
917 4101 968 4152 Dr.
991 4099 1090 4160 Guelf.
1108 4110 1136 4160 1.
1153 4109 1219 4160 Mor.

155 4171 223 4221 ven.
239 4173 263 4223 1.
276 4170 302 4222 2.
321 4166 384 4220 Tul.
401 4165 462 4218 Ald.
478 4171 501 4220 1.
518 4167 593 4217 lunt.
609 4166 684 4218 Crat.
701 4168 772 4218 vict.
786 4169 864 4221 Man.

190 4238 373 4293 imbecillitate
387 4235 453 4304 cuc]
472 4234 642 4287 imbecilitate
653 4253 705 4288 non
717 4241 858 4288 metiantur
873 4238 924 4292 Dr.
