2692 5018
313 280 380 346 au
419 230 642 349 uuaciuu
674 282 905 352 aauruu.
1085 297 1146 362 139

54 431 125 497 ‘aad
150 430 257 518 spatio
275 453 352 518 par,
377 455 446 498 non
468 435 620 521 syllabis,
639 447 698 502 aut
717 438 818 503 aliam
837 439 999 528 dactylus,
1019 443 1078 527 qui
1096 455 1147 510 est

67 534 204 618 elonga
225 545 259 598 et
279 535 407 600 duabus
427 536 591 618 brevibus,
609 540 637 604 si
658 550 708 603 est
728 543 900 626 proximus
925 566 945 608 a
964 557 1145 631 postremo,

67 658 192 723 parum
212 637 404 702 volubililer
419 638 569 724 pervenit
591 641 631 704 ad
648 653 848 724 extremum,
862 645 889 708 si
905 656 955 710 est
974 658 1145 713 extremus

68 737 228 817 choreus,
250 752 310 803 aut
327 743 506 827 spondeus.
530 742 709 830 Nunquam
729 745 818 809 enim
845 745 993 826 interest,
1011 760 1085 812 uter
1100 747 1153 815 siti

68 862 188 905 eorum
210 841 245 904 in
268 843 352 929 peda
377 854 539 907 extremo.
569 845 636 910 Sed
657 845 757 908 iidem
776 845 811 908 bi
838 855 903 911 tres
926 848 1028 935 pedes
1055 849 1143 913 male

76 943 297 1023 concludunt,
323 943 442 1028 siquis
464 968 581 1009 eorum
604 946 640 1011 iu
660 958 814 1011 extremo
846 948 972 1012 locatus
991 962 1056 1030 est,
1081 951 1145 1015 nisi

69 1067 147 1108 curu
176 1067 237 1130 pro
266 1043 388 1109 cretico
412 1057 600 1131 poslremus
631 1061 677 1113 est
706 1049 866 1134 dactylus.
933 1049 1023 1115 Nihil
1051 1052 1143 1116 euim

74 1145 226 1228 interest,
238 1145 389 1233 dactylus
402 1146 444 1211 ait
463 1160 632 1215 extremus
643 1172 686 1215 au
700 1149 855 1228 creticus,
878 1151 957 1233 quia
966 1163 1143 1238 'postrema

67 1248 193 1336 syllaba
213 1248 326 1315 brevis
355 1272 399 1314 an
420 1251 518 1336 longa
538 1249 599 1330 sit,
631 1275 675 1316 na
689 1254 725 1319 iu
745 1275 845 1318 versu
871 1252 1006 1339 quidem
1025 1254 1142 1320 refert.

68 1351 184 1438 Quare
201 1352 302 1416 eliam
326 1372 455 1439 paeana
480 1351 537 1438 qui
566 1354 653 1421 dixit
677 1353 860 1444 aptiorem,
895 1356 931 1421 iu
959 1379 1027 1442 quo
1054 1370 1140 1422 asset
1152 1370 1204 1426 218

67 1455 167 1540 longa
201 1464 389 1540 postrema,
420 1453 506 1520 vidit
533 1477 672 1539 parum,
701 1457 859 1544 quoniam
890 1457 976 1522 nihil
1000 1459 1141 1524 adrem

66 1569 133 1639 est,
161 1567 331 1643 postrema
359 1577 460 1642 quam
479 1559 580 1644 longa
600 1560 653 1626 sit.
696 1561 767 1626 Iam
794 1581 920 1646 paean,
944 1561 1034 1644 quod
1061 1548 1141 1647 plu·

64 1682 120 1725 res
143 1658 265 1723 habeat
291 1658 432 1747 syllabas
457 1678 559 1744 quam
582 1671 666 1739 tres,
693 1684 857 1729 numerus
892 1685 914 1729 a
941 1663 1145 1752 quibusdam.

70 1847 120 1916 qui
137 1848 293 1917 spondeum
305 1857 334 1902 et
346 1847 513 1901 trochaeum
534 1846 631 1900 sedulo
646 1847 743 1915 iugera
760 1848 878 1904 solebat.
904 1850 947 1917 (§.
964 1849 1034 1915 191.)
1052 1848 1139 1900 Excl-

70 1917 146 1968 disse
157 1933 224 1984 ergo
240 1927 308 1987 puto
324 1917 421 1970 vocab.
441 1919 580 1968 trochaeus
589 1954 596 1981 ‚
622 1926 654 1968 ut
676 1918 731 1969 iarn
753 1917 879 1969 indicant
897 1919 948 1970 illa
967 1918 1067 1968 verba:
1093 1916 1144 1984 qai·

71 1988 153 2036 labes
166 1999 218 2036 tres
229 1990 329 2040 breves:
348 1987 388 2039 ita
402 1986 478 2038 enim
491 2002 574 2053 supra
590 1985 636 2036 bic
650 2002 701 2053 pes
714 1996 756 2037 ast
774 1989 904 2041 delinitus
926 1988 951 2055 ἕ.
967 1988 1026 2042 191.
1052 1988 1138 2038 Corn-

68 2063 186 2122 paratur
198 2057 450 2123 verolam§.193.
471 2071 536 2106 cum
557 2054 661 2118 chorao
681 2055 846 2108 trochaeus:
877 2056 1062 2122 „Twclzaeum
1085 2076 1137 2104 ιιιι-

36 2172 49 2187 „
67 2137 135 2189 tem,
153 2129 199 2190 qui
213 2139 251 2175 aar
267 2129 353 2176 eodem
375 2128 461 2191 spolio
487 2143 536 2191 quo
559 2124 681 2188 choreus,
709 2128 844 2175 cordacem
868 2124 1015 2192 appellal.“
1043 2125 1137 2191 Quare

38 2190 49 2210 ⁸
66 2194 247 2246 inserendum
259 2193 356 2262 putavi
371 2192 468 2248 vocab.
484 2191 623 2242 trochaeus
643 2201 708 2260 post
730 2193 836 2245 choreo:
860 2195 943 2245 aliter
965 2211 998 2244 ac
1018 2194 1136 2245 Rufinus
1159 2234 1162 2240 .

70 2262 120 2332 qui
136 2263 178 2314 ita
193 2263 305 2316 exhibet
317 2263 414 2314 verba:
433 2264 509 2329 (pag·
523 2262 614 2326 2721.)
640 2274 688 2310 aur
698 2281 751 2328 pur
772 2263 916 2313 catellano
951 2266 980 2312 ui
990 2263 1069 2311 babet
1084 2275 1136 2311 tres

68 2338 155 2387 breves
169 2333 308 2384 trochaeus
331 2335 376 2382 aad
390 2336 482 2401 spacio
501 2350 548 2394 par
567 2351 617 2380 non
638 2331 755 2399 syllabis.
774 2357 808 2378 ιυ-
824 2333 897 2383 Num
919 2283 1049 2395 eboreum,
1067 2330 1090 2380 si
1103 2347 1137 2382 eo

66 2405 167 2457 finitur
181 2401 322 2468 clausula,
347 2416 399 2468 par
421 2408 462 2452 est
478 2398 603 2466 spondeo
626 2407 654 2450 et
676 2399 766 2464 spatio
788 2408 816 2450 et
835 2400 960 2468 syllabis.
992 2416 1137 2468 nunquam

67 2474 143 2528 anim
164 2472 298 2536 interest,
325 2469 437 2521 utarsit
450 2484 549 2520 eorum
562 2468 592 2518 in
606 2467 676 2537 pade
697 2479 827 2523 extremo.
847 2497 882 2508 ·-
906 2481 955 2519 am
971 2487 1024 2536 por
1044 2468 1136 2523 choreo

67 2547 113 2614 qui
123 2542 203 2592 babet
216 2552 268 2590 ires
284 2541 369 2590 breves
384 2540 437 2591 sed.
465 2536 512 2589 sie
522 2536 606 2590 codd.
620 2547 648 2588 st
662 2536 724 2590 edd.
739 2537 991 2606 plerosquo-vaur
1005 2555 1057 2605 par
1074 2537 1137 2586 rho-

66 2633 125 2665 reue
138 2612 184 2681 qui
196 2611 324 2661 Manan-
341 2620 387 2657 aut
397 2627 448 2676 pur
466 2612 602 2657 trochaeus
627 2610 672 2674 qui
692 2608 718 2658 h.
733 2606 828 2674 steph.
853 2609 886 2666 L,
910 2606 1019 2664 Camer.
1044 2604 1135 2658 Sohir.

67 2681 133 2736 sch.
150 2679 201 2733 Or.
215 2689 308 2728 —out
325 2677 463 2729 trochaeus
476 2677 521 2743 qai
536 2692 592 2729 om.
610 2696 663 2745 par
679 2675 786 2744 Grypb.
803 2679 827 2731 1.

99 2769 154 2802 nou
170 2747 296 2818 syllabis]
314 2747 342 2795 iu
356 2746 465 2815 syllabis
482 2747 530 2796 Dr.

102 2822 126 2870 ai
140 2829 178 2868 eat
189 2813 344 2885 proximus]
362 2818 387 2865 ai
402 2826 441 2864 est
454 2816 521 2864 enim
542 2831 617 2880 prox.
634 2813 686 2865 Dr.
775 2827 779 2835 ·

103 2890 182 2939 iidem
198 2887 226 2935 hi
238 2884 305 2952 tres]
327 2901 382 2940 orn,
397 2884 426 2933 lsi
440 2883 508 2940 Rus.
525 2911 554 2921 -
576 2885 654 2931 iidem
673 2894 726 2931 tres
744 2886 822 2948 pellea
842 2879 911 2932 male
930 2879 1134 2945 concluduntur,

68 2959 94 3008 ai
109 2957 168 3024 quia
178 2953 243 3010 Rul.
258 2971 304 3022 ap.
320 2953 396 3006 Pith.
410 2969 439 3022 p.
456 2953 517 3013 317.
533 2980 567 2998 2-
580 2951 676 3007 Intell.
690 2949 831 3017 iambum,
857 2948 1039 3019 trochaeum,
1065 2949 1134 3002 daa-

63 3038 76 3079 s
97 3026 166 3078 luni.

76 3044 153 3145 ym'si
168 3100 240 3154 cum]
260 3108 316 3143 om.
333 3110 391 3142 rum
404 3088 471 3141 Ruf·
512 3095 514 3099 ’

101 3176 139 3214 eat
153 3161 291 3230 dactylus]
311 3171 350 3211 est
362 3171 386 3209 et
403 3162 475 3209 claci.
500 3158 568 3208 Ven.
583 3158 609 3214 2.
620 3155 684 3207 Tul.

99 3233 171 3281 nain
185 3251 256 3280 versu
271 3229 392 3296 quidem]
410 3227 525 3296 Quinct.
541 3227 599 3288 IX,
615 3225 648 3291 4,
667 3224 709 3279 93.
734 3223 883 3289 „Czaumla
900 3242 1028 3292 quoquae
1046 3223 1133 3294 longis

64 3300 219 3373 firmissima
234 3312 286 3352 est:
306 3301 351 3347 aed
365 3297 471 3348 eludent
484 3299 565 3346 etiam
580 3298 681 3361 breves,
701 3295 818 3362 quamuis
838 3293 967 3344 habeatur
980 3293 1133 3359 indifferens

62 3370 170 3421 ultimo.
189 3370 351 3436 nequeenim
367 3385 413 3429 ego
429 3369 538 3434 ignaru,
557 3366 585 3414 in
599 3363 656 3431 fine
666 3383 714 3428 pro
732 3363 812 3428 longo
831 3364 919 3430 accipi
932 3364 1044 3428 breveria,
1064 3367 1133 3431 quod

62 3442 169 3490 viderur
183 3437 287 3506 aliquid
299 3437 410 3486 voranti
422 3435 533 3501 tempori
549 3452 584 3482 ex
597 3451 626 3482 eo
647 3435 716 3501 quod
731 3433 876 3499 insequitur
898 3435 1037 3481 accedere:
1056 3453 1132 3482 aures

63 3521 154 3560 aarum
167 3505 300 3557 cousulens
315 3523 386 3555 meaa
407 3503 526 3570 imilligo
545 3501 653 3552 multum
675 3501 786 3564 referre,
811 3519 900 3549 verene
920 3498 1000 3562 longa
1017 3504 1052 3549 sil
1067 3504 1133 3568 quaa

64 3577 151 3628 cludis
165 3595 200 3625 au
215 3594 263 3644 pro
277 3574 367 3639 longa.
393 3574 480 3639 Neque
496 3572 563 3620 enim
575 3582 633 3619 tam
644 3568 748 3636 plenum
762 3580 800 3618 eat
814 3570 939 3618 Dicere
956 3572 1133 3638 incipieu-

63 3659 128 3696 tem
147 3647 267 3695 timere
285 3661 363 3711 quam
379 3641 448 3694 illud
460 3643 574 3690 Ausus
592 3650 641 3689 eal
667 3635 872 3706 confiteri.“
1120 3633 1124 3643 '

132 3716 192 3768 218.
228 3715 308 3762 eliam
321 3727 425 3780 parona
439 3709 504 3779 qui]
522 3720 547 3758 et
559 3725 666 3776 paeana
680 3707 748 3761 Veu.
765 3708 789 3763 1.
802 3703 878 3762 Med.
892 3730 927 3747 ¹-
940 3707 968 3757 iu
978 3725 1066 3776 praua
1077 3706 1131 3761 vit.

63 3811 98 3823 --
113 3802 186 3851 quam
197 3785 271 3832 dixit
292 3798 350 3850 mg.
368 3779 433 3832 Tul.

97 3852 244 3919 aptiorem]
261 3855 400 3901 arrliorem
411 3847 477 3912 Rus,

98 3922 184 3987 vidit]
203 3923 272 3970 videt
287 3919 353 3971 Rus.
368 3921 410 3974 lu.
425 3922 449 3971 1.
461 3921 486 3974 2·

97 4003 319 4057 poalremaquam
334 3989 430 4057 longo]
451 3987 505 4037 Vit.
521 3983 595 4051 (sic)
621 3981 735 4051 ceteriq.
758 3979 841 4033 codd.
859 3979 921 4033 edd.
942 4007 976 4026 *-
1004 3981 1074 4034 nihil
1096 3987 1132 4035 a'd
1206 4020 1208 4023 -

62 4078 118 4110 rem
132 4070 179 4122 eal,
197 4070 327 4126 poarrema
344 4060 426 4109 brevia
439 4077 474 4108 au
486 4055 567 4123 longa
582 4055 619 4103 ait
632 4051 699 4105 Rus.
712 4053 744 4103 L.
758 4079 791 4089 -
804 4061 937 4119 postrema
950 4069 986 4105 an
999 4049 1081 4122 longa
1096 4055 1132 4103 sit

61 4128 130 4184 Em.
142 4127 207 4179 Sch.
223 4126 274 4179 Or.
990 4169 996 4180 .

96 4200 153 4248 iam
164 4201 270 4264 paean]
287 4214 392 4263 paeana
411 4195 464 4246 Vit.
482 4196 534 4247 Dr.
555 4194 623 4255 ven.
642 4193 665 4245 1.
684 4191 710 4251 2,
726 4187 804 4249 Mod·
827 4187 891 4246 Tul·

94 4266 184 4336 plures
200 4267 318 4332 lrabeat]
336 4265 414 4319 babet
427 4266 479 4320 Dr·
495 4261 589 4319 Rufio.
606 4260 658 4319 hir.
738 4300 745 4311 ·
