2692 5018
311 286 379 354 AD
408 284 635 354 MARCUM
662 284 889 355 BRUTUM.
1071 297 1134 360 tot

55 438 370 527 ipsis'ooncinnitat
394 439 495 522 inett;
522 461 607 526 quae
631 442 700 506 eive
721 463 815 506 casus
837 441 964 508 hebent
982 439 1020 506 in
1042 439 1135 507 exitu

56 542 202 624 similes,
224 541 295 608 sive
313 543 450 629 paribus
471 544 565 630 paria
586 546 793 624 redduntur,
821 547 895 611 eive
916 556 1136 632 opponuntur

57 642 248 724 contraria,
270 656 389 733 suapte
410 656 531 710 natura
551 669 727 712 numerosa
748 657 845 724 sunt,
875 645 977 710 etiam
1004 647 1032 712 si
1051 646 1136 711 nihil

58 744 266 811 estfactum
299 746 340 809 de
368 745 542 812 industria.
599 749 637 814 In
661 750 760 813 huius
791 746 1021 814 concinnitatis
1050 752 1197 813 eon-165

56 846 243 914 sectatione
266 846 427 932 Gorgiam
450 846 554 912 foisse
574 849 760 937 principem
778 848 981 936 accepimus,
1005 871 1071 934 qno
1094 848 1137 913 de

56 972 186 1040 genere
210 950 270 1016 illa
283 963 397 1016 nostra
418 961 498 1015 sunt
519 952 553 1017 in
574 952 776 1016 Miloniana:
797 951 891 1032 „Eu
909 950 1018 1030 euim,
1041 942 1139 1015 iurii-

59 1078 136 1135 ceo,
165 1055 255 1120 haec
283 1077 352 1120 non
378 1053 512 1142 scriptu
539 1052 602 1116 ned
620 1063 705 1118 nata
727 1054 798 1135 lex,
829 1074 934 1143 quom
954 1073 1021 1117 uon
1043 1051 1137 1116 didi-

64 1160 178 1225 cimus
218 1154 419 1243 acecpimuo
457 1153 623 1245 legimus,
669 1177 790 1220 uerum
819 1178 864 1220 ea
898 1164 1027 1220 nutura
1057 1155 1137 1244 ipra

59 1258 277 1349 arripuimus
324 1256 504 1324 haurimus
552 1255 799 1343 expressimus,
854 1257 903 1322 nd
933 1279 1037 1344 quam
1069 1280 1137 1323 nou

62 1362 160 1429 docti
179 1360 242 1427 ced
254 1359 370 1450 facti,
391 1382 459 1425 non
480 1357 631 1424 instituti
650 1358 713 1422 ced
727 1358 851 1424 imbuti
871 1365 1025 1425 oumuo.“
1046 1360 1137 1425 Haeo

64 1463 155 1529 enim
186 1462 269 1529 talia
297 1472 393 1542 sunt,
423 1471 483 1540 nt,
511 1461 591 1547 qnia
611 1461 807 1527 reseruntur
836 1459 880 1524 ad
907 1484 1053 1549 eaquae
1076 1463 1139 1527 de-

61 1567 144 1633 bent
163 1563 307 1644 referri,
328 1561 555 1648 intelligamus
577 1584 647 1627 non
661 1562 847 1647 quaesitum
868 1586 936 1628 esse
956 1587 1139 1630 numerum

58 1669 116 1734 sed
139 1677 306 1732 secutum.
356 1664 460 1753 Quod
489 1663 529 1729 fit
559 1664 642 1729 item
670 1665 707 1728 in
741 1663 924 1732 referendis
950 1667 1140 1746 contrariis,

58 1782 102 1836 ut
129 1769 190 1834 iila
218 1778 314 1844 eunt,
354 1766 478 1851 quibus
505 1788 574 1831 non
601 1766 703 1832 modo
732 1789 913 1833 numerose
942 1769 1048 1836 oratio
1081 1770 1139 1835 sed

58 1872 167 1939 etiam
189 1893 308 1936 versus
326 1868 491 1935 efficitur:

61 2077 275 2095 m

97 2214 267 2281 redduntur]
286 2212 431 2264 reddantur
447 2210 509 2267 vet.

99 2286 156 2335 siue
175 2280 360 2353 opponuntur]
381 2282 506 2346 Exeiait,
522 2287 607 2348 puto,
625 2280 721 2332 vocab·
737 2283 891 2346 contrariis,
910 2280 949 2333 ita
965 2290 997 2335 nt
1018 2284 1072 2352 leg.
1085 2283 1137 2337 sitt

66 2354 120 2404 ciue
134 2354 282 2404 contrariis
297 2363 460 2419 opponuntur
475 2352 618 2401 contrario.
638 2359 669 2400 ut
685 2367 745 2415 cop.
758 2352 802 2404 50.
825 2370 884 2401 cum
903 2357 1044 2404 contrariis
1060 2375 1138 2422 oppo-

64 2433 162 2472 nuntur
177 2422 326 2472 contraria.
345 2435 370 2473 c.
392 2420 434 2473 52.
457 2422 597 2469 contrariis
619 2419 707 2470 relata
727 2423 871 2472 contraria.
890 2438 913 2479 c,
933 2423 981 2485 65,
1001 2425 1062 2475 290.
1087 2431 1140 2472 Ant
1176 2470 1179 2475 ,

65 2495 233 2541 contrarium
260 2490 393 2541 contrario
417 2490 563 2556 opponitur.
594 2515 628 2526 -
651 2500 813 2556 opponuntur
833 2493 978 2539 contrariis
1002 2495 1140 2542 contraria

65 2576 125 2630 mg.
145 2559 225 2615 1584.

140 2695 201 2751 165.
236 2692 449 2762 coniectatione]
468 2693 630 2744 connectione
640 2693 691 2744 Dr.
706 2694 783 2750 Med.
796 2694 869 2748 Ven.
885 2699 909 2750 1.
922 2722 958 2736 -·
977 2693 1141 2765 confectione

66 2764 124 2818 vit.
136 2796 173 2806 -
183 2766 366 2817 consecutione
379 2764 447 2819 Ven.
456 2765 483 2816 2.
497 2762 560 2816 Tul.
574 2762 610 2815 cf.
627 2763 663 2814 ad
676 2765 699 2832 ᾗ.
708 2763 750 2817 38.
770 2767 897 2817 leonata
904 2783 937 2816 ca
951 2771 1065 2817 studiose
1079 2785 1141 2817 con·

65 2846 199 2889 iactatum
205 2833 329 2905 fatetur.

108 2921 255 2990 Gorgiam]
273 2919 391 2989 gorgian
403 2918 455 2970 Dr.

109 3001 150 3040 ert
162 2992 248 3054 enim,
266 2986 384 3054 iudicet]
404 2987 524 3040 cocenim
542 2986 681 3038 videndum
696 2985 751 3040 vit.
770 3004 795 3039 v.
809 3005 838 3058 p.
851 2988 917 3043 Mil.
935 3007 960 3042 e.
976 2990 1004 3045 4.
1028 3001 1068 3040 ert
1082 2989 1140 3060 igr·-

69 3069 116 3109 tur
131 3057 214 3124 hacc,
232 3061 340 3110 iudicet.

105 3146 266 3210 didicimue,
284 3142 447 3210 accepimui]
468 3142 667 3192 didicimutrcd
680 3144 828 3211 occepimus
851 3163 903 3195 non
924 3143 1036 3214 legimur
1056 3163 1143 3195 vcncm

66 3212 126 3265 Vit.
142 3214 195 3264 Dr.
215 3214 280 3268 ileo.
293 3218 317 3266 1.
333 3215 359 3266 2.
378 3212 455 3262 Med.
470 3210 534 3261 Tul.
548 3210 619 3260 vict.

105 3302 142 3334 cx
159 3284 276 3350 natura]
297 3293 379 3333 enat.
398 3282 467 3334 Ven.
483 3282 508 3334 1.
521 3279 598 3330 Med.
609 3277 673 3328 Tul.
700 3305 732 3319 —-
748 3297 804 3333 om.
825 3300 858 3331 ex
874 3282 926 3334 Dr.
949 3280 1005 3334 Vit.
1028 3281 1097 3332 Ven.
1114 3283 1142 3335 2,

68 3353 109 3406 cf,
128 3352 247 3421 Quinct„
262 3353 318 3417 IX,
337 3350 369 3414 3,
387 3349 431 3403 83.
467 3350 535 3416 „Eri
549 3352 648 3416 igitur,
667 3349 782 3413 iudices,
808 3369 859 3399 uon
876 3353 978 3417 scripta
1006 3353 1052 3400 ted
1075 3364 1143 3400 nata

66 3420 114 3474 lcx
128 3450 166 3459 -
190 3439 270 3489 quum
290 3439 341 3469 non
360 3420 517 3483 didicimur,
543 3419 706 3485 accepimus,
732 3418 858 3488 legimur,
883 3437 971 3470 verum
990 3438 1024 3469 cx
1046 3430 1145 3472 natura

66 3494 131 3560 ipra
142 3492 320 3558 arripuimus,
340 3488 490 3553 inurimur,
508 3485 709 3554 expremimuo.“

102 3563 151 3611 ced
166 3557 280 3625 imbuti]
299 3559 345 3606 icti
358 3558 444 3606 creati
463 3556 523 3607 Vet.

101 3628 173 3678 hacc
185 3629 254 3677 enim
267 3624 350 3693 talia]
369 3625 435 3675 hoec
449 3627 517 3674 enim
530 3634 555 3672 ct
567 3620 637 3673 talia
648 3623 709 3674 vet.
721 3652 756 3663 -
769 3624 834 3675 haec
853 3627 922 3676 enim
939 3625 1010 3678 talia
1034 3636 1096 3676 cunt
1118 3637 1146 3677 ct

70 3700 138 3768 quia
155 3698 208 3748 Dr.
224 3723 258 3735 -
270 3697 338 3745 enim
354 3707 378 3743 ct
394 3692 452 3743 alia
471 3693 526 3744 Gu.
541 3691 565 3744 3-
692 3733 696 3737 .

102 3769 142 3818 ati
157 3787 189 3816 ea
205 3765 292 3834 quoe]
311 3763 366 3813 Vit.
379 3764 430 3814 Dr.
437 3766 505 3814 Ven.
524 3763 547 3813 1·
561 3762 587 3814 2.
606 3760 758 3814 Med.Tul.
772 3760 855 3814 Aldd.
868 3765 911 3816 Ju.
926 3764 950 3818 l.
973 3762 1046 3818 Vici.
1059 3793 1093 3803 -
1108 3766 1147 3817 ati

69 3854 103 3887 eu
118 3839 154 3886 ad
168 3852 236 3903 quae
247 3834 290 3885 Jn.
305 3834 331 3885 2.
347 3832 430 3884 Grut.
448 3831 516 3883 Em.
532 3830 583 3882 Or.
796 3882 800 3887 ,

106 3921 222 3988 debent]
242 3920 335 3968 debeat
349 3918 401 3972 Dr.

105 3988 315 4057 intelligamur]
334 3984 507 4054 intelligimur
525 3981 598 4034 Vibi.

107 4060 179 4128 quoti
187 4057 230 4123 fit
243 4054 325 4122 item]
345 4053 413 4122 q,fit
432 4057 501 4103 idem
513 4052 577 4104 Tul.

105 4133 134 4179 in
148 4127 297 4196 rescrcnclis
310 4123 467 4191 contrariis]
487 4120 542 4173 vtt.
559 4123 629 4174 Ven.
644 4123 667 4174 1.
684 4123 709 4175 2.
722 4121 795 4175 vict.
810 4149 844 4161 -
865 4123 894 4173 in
913 4121 1063 4192 reserundic
1084 4145 1151 4177 con·-

66 4199 166 4250 trariis
185 4193 264 4257 Med,
282 4192 347 4244 Tul.
366 4193 416 4242 Dr.
436 4217 471 4226 -
484 4192 513 4241 in
527 4195 668 4243 contrariis
684 4191 827 4260 referendis
838 4192 921 4245 Aldd.
935 4211 969 4246 ac
989 4202 1107 4247 recentt.

106 4262 251 4334 efficitur]
272 4260 410 4330 efficiatur
425 4260 479 4314 vit.
