2692 5018
169 202 248 325 'no
630 239 855 311 oneror

172 443 186 465 ,ι
276 404 439 489 Quemnam
460 418 488 465 te
508 426 567 464 eree
587 399 704 481 dicem,
727 401 780 485 qui
799 395 890 460 ecrite
909 399 942 459 in
962 411 1104 459 senectute
1118 429 1162 446 -

192 538 228 594 et
255 545 342 608 quae
368 530 570 605 sequuntur,
592 542 697 606 quae,
750 516 815 583 nisi
844 537 922 581 cum
962 515 1087 581 tibicen
1128 517 1281 600 accessit,

198 623 340 696 orationi
367 634 447 688 eunt
474 621 603 686 solutae
625 621 802 687 simillime.
843 620 894 688 Ao
920 618 1126 685 comicorum
1157 621 1282 685 senarii

198 737 337 818 propter
361 722 615 791 similitudinem
645 723 809 789 sermonis
838 722 885 784 sio
917 743 1015 808 saepe
1042 735 1121 786 eunt
1148 723 1283 804 abiecti,

199 839 239 896 ut
262 846 502 910 nonnunquam
533 827 593 890 vix
624 825 659 890 in
689 824 735 890 eis
758 845 915 888 numerus
945 833 977 887 et
1005 845 1121 889 verens
1142 824 1285 912 intelligi

204 930 317 1023 possit.
348 950 414 1014 quo
447 939 496 992 est
524 928 564 992 ad
595 925 834 992 inveniendum
868 923 1033 989 difficilior
1059 926 1095 989 in
1130 928 1289 992 oratione

123 1031 194 1089 485
208 1053 370 1099 numerus
392 1047 495 1115 quum
522 1027 558 1093 in
589 1031 752 1096 versibus.
803 1029 952 1095 Omnino
981 1028 1164 1112 duonum,
1197 1052 1286 1115 quae

47 1161 57 1178 ·
143 1158 145 1164 ’
177 1132 366 1200 ·cotrdiant
394 1129 595 1210 orationem,
626 1133 810 1198 verborum
841 1154 1134 1219 numerorumque
1163 1132 1287 1200 iucun-

186 1237 304 1303 uitas.
355 1233 392 1298 ln
415 1231 524 1298 verbis
545 1233 633 1300 inest
659 1234 754 1320 quasi
784 1234 923 1300 materia
950 1235 1134 1318 quaedam,
1162 1234 1199 1300 in
1222 1260 1288 1301 nu-

210 1362 307 1406 mero
328 1347 439 1401 autem
469 1338 637 1423 expolitio.
683 1337 745 1402 Sed
769 1349 807 1401 ut
830 1336 946 1402 ceteris
968 1336 1002 1399 in
1024 1337 1124 1400 rebus
1147 1338 1289 1402 necessi-

212 1441 293 1507 tatis
318 1439 458 1502 inventa
485 1437 678 1524 antiquiora
706 1451 787 1504 sunt
814 1461 916 1524 quam
946 1429 1141 1526 voluptatis,
1178 1442 1224 1505 ita
1252 1441 1291 1504 in

215 1546 281 1610 hao
303 1563 340 1607 re
360 1538 499 1620 accidit,
532 1553 571 1604 ut
600 1533 715 1604 multis
742 1542 882 1607 saeculis
911 1554 988 1606 ante
1009 1543 1114 1605 oratio
1137 1542 1223 1606 nuda
1248 1565 1288 1606 ac

216 1643 311 1713 rudis
332 1641 373 1707 ad
396 1642 483 1706 solos
503 1640 696 1707 animorum
718 1663 830 1707 census
851 1643 1089 1726 exprimendos
1108 1641 1209 1707 luerit
1230 1665 1290 1705 re-

217 1757 332 1837 perte.
361 1765 464 1830 quam
489 1744 575 1810 ratio
603 1764 827 1810 numerorum
853 1767 951 1813 cause
979 1742 1203 1810 delectationis
1230 1765 1293 1808 au·

217 1944 239 1968 ,Ι

262 2037 397 2089 quemnam
413 2018 454 2087 te]
475 2035 531 2073 om.
548 2030 576 2070 te
591 2021 634 2072 Ju.
647 2023 673 2077 2.

223 2143 225 2152 Ι
262 2091 326 2157 qui]
343 2091 405 2157 quin
418 2089 469 2139 Dr.
485 2087 572 2140 Patet.
588 2092 612 2142 1.
632 2090 736 2144 Ven02.
750 2089 816 2145 Tul.
830 2118 864 2128 -
885 2089 950 2158 quid
967 2087 1009 2143 ed.
1025 2087 1100 2146 1584.

231 2169 392 2280 smcqim
413 2157 456 2223 et]
488 2170 617 2209 senectute
635 2178 700 2227 quae
717 2171 848 2214 teruntur.
869 2160 922 2211 Dr.
950 2185 984 2196 -
1006 2171 1111 2211 reuecta
1131 2155 1226 2211 Bothe
1241 2159 1295 2210 Po.

254 2226 470 2364 cceillieripiuliii‘]
488 2296 618 2346 orationir
630 2306 689 2346 eunt
702 2295 757 2347 Vit.
773 2294 824 2347 Dr.
840 2295 894 2349 Gn.
908 2296 933 2351 3.
967 2296 1047 2362 Aprtd
1071 2312 1152 2349 errrec
1168 2303 1210 2347 eet
1228 2295 1298 2347 utri-

228 2379 317 2430 utque
331 2362 486 2424 scripturae
501 2363 611 2419 electio.
628 2364 666 2416 ci.
680 2380 704 2417 c.
720 2369 745 2422 9.
762 2367 943 2430 Xenophontio
956 2365 1075 2416 einulem.
1092 2383 1117 2418 c.
1132 2366 1298 2419 §aluminis

229 2433 323 2494 eimtle,
340 2449 365 2483 c.
380 2434 422 2486 57.
439 2435 554 2482 orationi
569 2433 727 2485 simillimus.
748 2451 773 2486 c.
788 2435 831 2489 59.
848 2435 949 2485 n'mitia
968 2437 1134 2501 scriptorum.
1154 2452 1178 2487 c.
1191 2435 1235 2487 68.
1252 2445 1298 2483 aut

220 2505 358 2581 ‘craticule
375 2511 422 2550 cut
431 2505 559 2571 poematis
571 2502 665 2555 eimile.
685 2521 710 2554 c.
723 2505 767 2558 69.
785 2521 872 2555 eorum
886 2531 903 2543 -
922 2503 1008 2556 simile
1025 2503 1064 2557 ib.
1083 2503 1234 2556 Siculorum
1259 2503 1297 2553 ri·

232 2570 380 2623 utillimum.
400 2586 424 2622 c.
441 2573 483 2625 71.
506 2570 668 2622 eimillimum
684 2575 747 2623 veri.

267 2637 422 2707 simillima]
440 2639 541 2691 cimilia
556 2640 618 2693 vet.

234 2772 237 2777 Ι
270 2728 302 2760 ee
314 2708 486 2776 cercirorum]
505 2713 562 2761 Aut
576 2708 617 2760 ric
630 2708 781 2776 legendum
797 2717 839 2760 eet
852 2724 868 2760 e
882 2709 937 2761 Gn.
950 2709 976 2764 8.
986 2708 1050 2763 sch.
1067 2718 1116 2762 cut
1133 2721 1157 2760 et
1172 2726 1227 2778 pro
1241 2707 1301 2760 vnl-

235 2787 302 2848 geto
316 2788 355 2831 at.
369 2795 403 2825 cc
415 2785 481 2829 ente
495 2796 510 2828 e
525 2776 629 2846 ubique
639 2778 763 2829 occurrit
784 2777 813 2829 in
828 2778 971 2830 Cicerone.
997 2778 1155 2830 cohaerent
1172 2795 1241 2831 vero
1263 2776 1301 2827 sic

235 2845 397 2898 sententiae.
423 2847 455 2896 In
472 2846 597 2898 versibue
617 2846 729 2916 quidem
748 2863 930 2899 numerorum
950 2848 1024 2899 ratio
1045 2848 1183 2899 facillime
1203 2863 1303 2916 agnoe-

236 2918 324 2978 citur,
343 2930 502 2984 quenquam
516 2914 673 2981 lyricorum
696 2916 787 2967 oratio
807 2924 835 2967 et
856 2918 1033 2969 comicorum
1056 2917 1158 2968 senarii
1183 2915 1303 2967 orationi

170 3038 173 3054 .
238 2990 305 3036 sunt
320 2983 428 3035 solutae
440 2983 587 3036 rimillimi.
607 2984 644 3036 cf.
657 3002 718 3054 sup.
732 3002 756 3036 c.
769 2987 819 3052 20,
838 2986 881 3040 67.
900 2986 1042 3052 „Plutonia
1063 2998 1088 3035 er
1102 2989 1247 3036 Democrtu'
1262 2985 1304 3036 lo-

238 3053 380 3115 cutionem,
399 3060 449 3102 etei
462 3054 534 3103 absit
551 3072 569 3104 a
585 3073 673 3121 umere,
694 3066 780 3104 tamen
798 3087 815 3098 -
834 3057 924 3122 potius
945 3072 1039 3123 poema
1057 3057 1204 3121 pectendum
1227 3073 1305 3120 quum

238 3122 394 3174 comicorum
412 3135 563 3187 poetarum:
588 3122 659 3191 opud
682 3142 746 3191 quoe
766 3124 820 3174 niee‘
841 3125 910 3192 quoti
927 3123 1050 3174 uersiculi
1070 3135 1147 3188 eunt,
1176 3122 1248 3174 citit
1269 3133 1306 3172 eet

238 3190 316 3243 uliud
330 3191 477 3256 quotidiani
498 3194 625 3258 diteimile
646 3195 800 3244 sermonief‘

274 3261 303 3309 iu
318 3259 372 3326 ein]
392 3258 456 3312 Sch.
471 3263 497 3314 2.
511 3290 546 3302 -
559 3262 605 3312 vix
616 3262 644 3311 in
655 3263 693 3312 eie
707 3279 826 3311 numerue
838 3272 863 3310 et
876 3279 965 3312 uererer
980 3264 1065 3329 poerit
1082 3259 1197 3322 intelligi
1211 3259 1271 3312 Gn.
1285 3265 1309 3321 8.

240 3357 276 3370 -·
292 3329 320 3378 t'u
335 3331 375 3377 hie
392 3330 495 3385 Celeri.
580 3350 583 3357 ·
1165 3390 1166 3395 ¹

313 3397 370 3451 185.
405 3410 548 3467 eunt'quue
563 3399 703 3466 condiant]
725 3399 849 3448 condiunt
865 3397 942 3450 Med.
962 3397 1027 3449 Tul.
1046 3424 1080 3437 -
1101 3399 1216 3448 condunt
1236 3398 1308 3448 Ven.

243 3467 269 3522 1.
286 3494 320 3505 -
335 3469 423 3517 condit
437 3468 506 3520 Ven.
520 3470 545 3523 2.
561 3467 597 3519 of.
613 3469 638 3536 §.
654 3469 710 3522 128.
723 3469 781 3523 215.
803 3468 854 3518 §ed
874 3479 936 3518 euut
956 3466 1093 3519 clanculae
1111 3466 1219 3536 pluree,
1243 3485 1310 3536 quae

242 3554 374 3586 numerose
387 3548 411 3586 et
423 3537 653 3602 jucundecaelont.
925 3579 927 3584 .
1179 3560 1182 3564 ¹

277 3612 304 3655 in
320 3624 423 3656 numero
439 3607 544 3676 autem]
563 3622 618 3662 om.
632 3617 717 3656 autem
729 3608 799 3658 Ven.
814 3605 840 3659 2.
864 3639 866 3645 ·

277 3674 324 3724 eeel
337 3674 381 3740 nt]
401 3677 445 3724 red
461 3677 487 3724 in
500 3678 594 3726 eeterr'c
609 3678 636 3725 in
652 3675 725 3726 rebus
739 3675 791 3729 Dr.

276 3744 428 3811 antiquiora
444 3755 503 3793 erent
517 3762 595 3810 qnam
607 3743 648 3810 u]
668 3759 724 3794 om.
739 3755 799 3793 eunt
808 3747 877 3797 Ven.
890 3745 915 3798 2.
926 3772 960 3782 -
974 3762 1052 3808 quom
1066 3741 1207 3809 uoluptatis
1221 3743 1314 3810 itaque

242 3818 268 3860 ee
283 3812 430 3861 Herodotue
445 3812 500 3865 vit.
516 3814 564 3863 Dr.
581 3813 650 3864 Ven.
665 3815 689 3866 1.

279 3880 317 3928 ita
334 3883 362 3927 in
377 3881 428 3929 lenc
446 3882 491 3948 re]
519 3881 595 3933 Med.
611 3881 679 3933 Veri.
695 3882 721 3933 2.
736 3880 800 3933 Tul.
823 3897 878 3932 om.
895 3888 965 3949 purt.
981 3891 1015 3930 et.
1031 3880 1121 3928 -ita
1137 3889 1161 3928 et
1175 3879 1204 3927 in
1218 3877 1273 3927 leae
1288 3897 1315 3928 re

206 3964 212 3975 “
245 3947 346 3998 Ceteri.
360 3948 398 3998 cf·
413 3950 438 4015 ἕ.
454 3953 512 4004 180.
531 3953 577 4000 eetl
592 3961 620 3998 ut
637 3950 804 4015 inplerieque
818 3952 892 4000 retur
906 3953 946 4000 eie·
959 3951 986 3999 in
1007 3947 1059 3997 lac
1073 3946 1170 4014 duplex
1190 3959 1229 3996 eet
1251 3966 1317 3996 con-

248 4017 387 4086 cidercndi
400 4021 454 4069 vta.
472 4045 506 4058 -
529 4019 562 4070 de
580 4021 632 4072 Or.
644 4019 692 4070 llI.
710 4018 736 4088 §.
752 4021 811 4076 178.
848 4020 900 4069 Sed
917 4029 947 4068 ut
968 4019 997 4066 iu
1022 4016 1154 4084 plerisque
1172 4017 1250 4065 rebus
1278 4017 1317 4064 in·

229 4084 411 4135 credibiliter
431 4087 480 4136 loe·
505 4100 602 4138 nutura
622 4099 660 4137 eet
681 4084 744 4155 ipra
760 4086 914 4152 subelecta,
944 4087 984 4136 sic
1010 4086 1038 4133 in
1061 4086 1189 4137 oratione.
1233 4083 1316 4136 Oret.

248 4153 272 4221 §·
289 4155 347 4209 178.
375 4158 514 4222 quodcum
528 4159 555 4206 in
571 4156 703 4225 plerisque
722 4169 776 4205 tum
791 4159 820 4205 in
834 4156 882 4206 (roc
890 4173 987 4222 genere
1000 4156 1108 4205 circium
1127 4155 1196 4222 quoti
1216 4164 1256 4201 ece
1270 4151 1319 4222 of-

241 4222 337 4289 secedit
351 4224 523 4274 vehementiae
539 4244 616 4284 quam
633 4228 661 4275 id
676 4227 744 4294 quod
758 4226 860 4275 videtur
871 4243 975 4294 parum.
