2692 5018
317 990 319 994 '
402 983 470 1078 M.
501 987 737 1081 TULLII
777 981 1139 1076 CICERONIS

739 1202 764 1251 Δ
775 1200 798 1251 Ι)
1169 1214 1172 1220 ·

233 1347 554 1475 MARCUM
604 1348 914 1466 BRUTUM
975 1342 1312 1460 ORATOR.

692 1606 858 1627 Μ

197 1824 215 1888 1
237 1748 395 1887 Utrum
422 1812 588 1887 difficilius
614 1822 675 1880 aut
707 1810 817 1878 maius
848 1821 934 1877 esset
960 1834 1081 1898 negare
1103 1813 1171 1880 tibi
1193 1818 1309 1904 saepius

196 1933 212 1987 1
234 1923 324 1990 idem
347 1918 489 2009 roganti,
511 1919 554 1984 in
571 1914 702 1981 efficere
716 1914 749 1978 id
765 1910 853 1999 quod
867 1937 1000 2001 rogares
1017 1917 1073 1981 diu
1091 1920 1307 2005 multumque,

235 2019 527 2106 Brute‚·dubitavi.
550 2017 638 2084 Nam
651 2028 684 2080 et
696 2035 816 2099 negare
832 2017 873 2093 ei,
889 2039 992 2102 quem
1017 2018 1115 2083 unice
1132 2020 1308 2107 diligerem,

237 2129 360 2218 cuique
381 2147 439 2192 me
455 2119 666 2189 carissimum
685 2118 946 2200 coessentium,
968 2121 1175 2208 praesertim
1192 2137 1231 2189 et
1244 2127 1308 2189 iuss

237 2230 365 2322 petenti
377 2239 408 2293 et
419 2224 590 2315 praeclare
602 2222 759 2309 cupienti,
781 2219 904 2286 durum
920 2222 1103 2288 admodum
1120 2224 1219 2290 mihi
1235 2227 1307 2292 vide

238 2335 356 2407 batur,
380 2341 414 2395 et
432 2327 600 2414 suscipere
620 2335 747 2389 tantam
769 2344 859 2401 rem,
881 2337 1041 2410 quantam
1057 2347 1129 2389 non
1149 2331 1261 2396 modo
1276 2330 1289 2394 f
1298 2365 1306 2377 ·

239 2437 364 2503 cultete
377 2429 533 2516 consequi
552 2425 684 2493 difficile
696 2437 796 2506 esset,
818 2425 991 2491 sedetiam
1008 2427 1223 2513 cogitatione
1239 2455 1298 2498 oon

232 2536 355 2625 plecti,
383 2532 444 2600 vix
459 2528 650 2597 arbitrabar
668 2551 736 2594 esse
750 2528 837 2615 eius,
865 2526 925 2616 qui
940 2541 1116 2596 vereretur
1134 2535 1282 2622 reprehe

238 2711 446 2732 *ι-

287 2808 355 2872 ‘Aa
367 2822 411 2872 M.
423 2822 538 2871 Brutum
556 2816 673 2885 Orator]
711 2818 811 2870 Orator
832 2821 870 2870 utI
888 2821 1008 2871 Brutum.
1026 2819 1083 2874 vit.
1100 2822 1194 2879 Mon.
1211 2855 1247 2870 ·-
1266 2829 1284 2881 0

237 2888 339 2943 tor'ueI
353 2891 384 2942 de
396 2891 491 2958 optimo
501 2906 597 2957 genere
610 2886 716 2937 utemur·
735 2889 771 2938 orl
791 2888 904 2938 Brutum
917 2890 974 2941 Gu.
993 2909 1015 2943 1.
1054 2892 1200 2945 Ciceronis
1216 2899 1277 2948 eleo

237 2978 394 3028 mopgenere
411 2959 517 3008 dicendi
537 2958 574 3006 ad
595 2958 638 3008 M.
653 2958 765 3007 Brutum
788 2956 842 3009 Gtt.
862 2960 887 3012 2.
906 2961 937 3009 tle
950 2959 1069 3027 perfecto
1092 2961 1219 3015 Oratore
1234 2969 1270 3016 ad

238 3031 361 3080 Brutum.
385 3028 454 3078 Ven.
475 3030 500 3081 1.
519 3023 598 3080 Med.
626 3025 721 3076 Codex
743 3026 908 3077 Dresdensis
931 3037 1006 3078 curet
1026 3027 1240 3097 inscriptione.
1289 3033 1291 3040 '

240 3112 306 3149 cero
324 3096 385 3164 ipse
408 3096 514 3147 librum
535 3110 618 3145 suum
636 3095 772 3143 Oratorem
787 3096 920 3163 appellnt.
939 3096 1029 3163 Epist.
1046 3096 1080 3148 ad
1096 3099 1210 3157 Femil.
1231 3105 1285 3168 lvt

236 3167 283 3218 De
297 3165 412 3219 divinat.
433 3166 473 3230 II,
492 3167 516 3218 l.
554 3162 763 3231 Quinctilienus
781 3165 922 3233 ceterique
938 3165 998 3217 fere
1019 3183 1119 3218 omnes
1139 3172 1285 3239 gramma'

237 3234 313 3287 idem
328 3234 354 3286 ei
367 3234 496 3286 tribuunt
511 3248 626 3283 nornen.
645 3231 804 3282 Priscianus
818 3233 879 3284 Lib.
895 3235 957 3286 XII.
974 3250 1001 3302 p.
1015 3235 1075 3291 949.
1095 3237 1228 3293 Putscb,
1245 3258 1269 3292 se

236 3297 348 3356 laudat:
376 3304 464 3354 Cicero
480 3306 511 3351 te
524 3302 641 3353 Oratore.
676 3301 785 3352 Nonius
797 3303 950 3356 Marcellus
964 3320 1033 3357 roeo
1047 3308 1213 3376 ingressus:
1242 3313 1268 3362 ct

236 3375 267 3425 irs
284 3375 397 3425 Oratore
409 3368 536 3439 perfecto,

274 3465 299 3518 1.
318 3464 342 3518 t.
376 3461 520 3533 difficilius
532 3474 581 3515 out
592 3459 693 3527 maius]
713 3480 745 3513 ae
757 3464 845 3516 maius
859 3463 929 3521 Ven.
948 3465 975 3518 2.
991 3463 1054 3518 Tul.
1072 3485 1110 3520 on
1129 3475 1231 3528 maius
1247 3471 1273 3524 Μ

237 3528 333 3598 steph.
351 3530 382 3581 in'
399 3530 523 3598 Append.
539 3530 629 3580 Lect‘t.
643 3547 670 3596 p.
687 3530 744 3583 172.

272 3604 321 3653 diu
334 3599 510 3670 multumque]
530 3601 579 3651 diu
591 3601 727 3669 multoque
738 3601 790 3651 Dr.

272 3675 370 3734 Brute,
387 3667 525 3736 dubitavi]
542 3666 722 3720 laudantura
739 3668 877 3738 Quinctil.
892 3670 940 3734 IX,
954 3670 981 3735 4,
995 3672 1056 3727 101.

272 3741 320 3791 vix
331 3737 500 3806 arbitrabar]
514 3739 566 3789 'vix
582 3737 730 3790 arbitrarer
746 3738 813 3790 Ven.
828 3741 854 3792 1.
871 3741 954 3794 Med.

271 3827 330 3860 erse
341 3807 417 3871 eius]
434 3810 492 3859 cius
502 3826 564 3861 esse,
573 3806 672 3859 Lamo.
900 3847 903 3853 .

266 3874 455 3995 prudentium)
472 3877 633 3946 prudentum
648 3877 714 3925 Ven·
731 3877 754 3929 1.
769 3875 846 3928 Med.
863 3876 927 3931 Tul.
953 3877 1037 3931 Conf.
1057 3876 1140 3933 infra
1158 3899 1184 3938 c.
1200 3880 1245 3938 63.

236 3947 364 4001 dentium.
378 3945 421 3997 68.
450 3948 613 4015 spuantium.
649 3943 775 4010 Utraque
794 3945 886 3997 formu
907 3948 984 4001 bono
1000 3957 1059 4014 est,
1085 3965 1188 4021 neque
1206 3953 1237 4005 in

235 4013 351 4085 aliquid.
369 4015 456 4064 Varro
473 4013 507 4064 de
517 4012 537 4065 l.
551 4012 601 4068 let.
616 4013 678 4065 Lib.
693 4014 770 4065 VIII.
784 4013 825 4068 37.
837 4032 864 4083 p.
878 4015 939 4070 440.
955 4017 997 4073 ed.
1011 4017 1167 4087 Spengel.:
1188 4025 1277 4087 „Ouu

235 4096 303 4138 esset
318 4085 463 4154 analogia,
480 4097 582 4154 negant
596 4085 680 4136 ullum
699 4103 790 4135 casum
805 4087 906 4138 duobus
918 4090 1004 4140 modis
1019 4089 1146 4143 debuisse
1165 4095 1236 4155 dici,

232 4156 269 4222 fit
281 4167 385 4207 contro.
421 4155 495 4206 Nam
509 4157 567 4205 sine
581 4155 784 4219 reprehensione
798 4155 877 4224 volgo
896 4157 947 4208 alii
956 4159 1051 4210 dicunt
1065 4160 1094 4209 in
1111 4164 1257 4232 singulari

236 4227 287 4278 ovi
301 4236 329 4277 et
342 4222 414 4289 Avi,
430 4223 482 4279 olii
494 4225 547 4278 isac
560 4227 616 4275 Ore
634 4237 661 4275 et
674 4229 742 4277 Aue.
777 4228 812 4277 In
834 4227 1016 4279 multitudinis
1034 4228 1087 4280 tae
1107 4232 1239 4304 Puppis,
