2656 5018
343 254 415 323 An
455 254 686 322 MARCUM
720 254 951 323 BRUTUM.
1148 267 1191 329 87

103 412 218 491 haser,
241 384 543 484 minimuum,
566 407 651 473 nihil
673 419 784 490 atrox,
806 407 891 473 nrm
913 400 1117 488 mua-aute,
1139 411 1192 474 nr-

103 515 146 578 hit
164 512 348 578 astutuma'
368 520 462 576 casta
486 510 679 575 verecunda
698 512 794 596 virgo
808 509 1007 599 incorrupta
1020 511 1191 598 quodam-

96 617 204 682 modo.
250 617 377 698 ltaque
392 632 508 676 sermo
523 611 635 700 potius
650 633 752 700 quam
768 613 876 678 oratio
893 612 1025 677 dicitur.
1069 612 1189 703 Quan-

91 740 194 806 quam
210 715 309 782 enim
324 711 439 777 omnis
454 712 581 779 locutio
603 715 710 780 oratio
731 726 798 794 est,
820 726 933 779 tamen
949 715 1051 779 unius
1068 727 1187 782 orato·

89 821 136 887 ris
149 820 287 886 locutio
301 820 367 884 hoc
379 814 524 904 proprio
547 815 682 901 dignata
700 816 836 881 nomine
851 827 909 879 est.
983 814 986 821 ’

94 943 97 947 ·
179 918 441 1007 sophistarum,
478 917 662 1003 dequibus
689 917 905 1004 supradixi,
933 915 1183 1001 magisdistiu-
1204 926 1239 983 65

91 1023 239 1109 guenda
250 1019 431 1089 similitudo
444 1017 594 1098 videtur,
616 1020 674 1106 qui
691 1042 808 1084 omnes
823 1018 959 1082 eosiiem
984 1020 1101 1085 volunt
1118 1022 1186 1088 tto-

93 1133 173 1203 res‚'
204 1144 286 1209 quos
306 1120 444 1188 adhibet
467 1122 634 1186 oratorio
662 1121 785 1204 causis,
814 1118 978 1208 persequi.
1034 1121 1096 1184 Sed
1119 1123 1185 1190 hoo

101 1224 275 1306 differunt,
298 1224 411 1312 quod,
434 1224 578 1288 comsit
602 1224 643 1289 iis
665 1223 877 1311 propositum
897 1244 965 1286 non
986 1221 1185 1307 perturbare

102 1327 235 1411 animos,
253 1327 313 1391 sed
336 1325 476 1414 placare
492 1326 604 1410 potius
625 1349 686 1390 neo
703 1339 771 1390 tam
784 1325 985 1413 persuadere
1003 1343 1106 1408 quam
1125 1324 1186 1389 de-

96 1428 232 1508 lectare,
254 1439 291 1494 et
303 1425 462 1515 apertius
476 1427 513 1490 id
531 1427 657 1492 faciunt
676 1449 776 1511 quam
794 1448 856 1489 uos
872 1437 904 1489 et
918 1424 1078 1506 crebrius,
1102 1449 1185 1494 cou-

91 1530 204 1596 oionas
217 1532 331 1614 magis
344 1526 533 1594 sententias
554 1530 738 1615 exquirunt
760 1549 860 1614 quam
886 1527 1094 1614 probabiles,
1114 1552 1135 1594 a
1148 1552 1186 1596 re

87 1656 187 1720 saepe
206 1632 407 1710 discedunt,
428 1631 589 1695 intexunt
608 1628 758 1711 fabulas,
780 1629 883 1693 verba
901 1631 1049 1718 apertius
1072 1645 1185 1699 trans-

88 1734 228 1814 ferunt,
263 1758 372 1821 eaque
387 1734 435 1799 ita
452 1732 635 1820 disponunt
660 1744 699 1796 ut
720 1733 862 1819 pictores
878 1733 1074 1801 varietatem
1091 1740 1185 1803 colo·

91 1858 193 1910 rum,
214 1836 310 1922 paria
324 1835 467 1924 paribus
486 1832 652 1912 referunt,
674 1835 813 1898 adversa
834 1836 1027 1915 contrariis,
1055 1842 1182 1929 saepis-

94 1939 244 2023 simeque
258 1938 420 2003 similiter
434 1946 588 2000 extrema
611 1936 787 2001 definiunt.
831 1937 917 2002 Huic
937 1938 1052 2023 generi
1072 1942 1179 2008 histo·
1201 1950 1244 2013 20

90 2040 141 2108 ria
160 2039 314 2107 finitima
334 2050 403 2119 est,
425 2037 463 2104 in
483 2059 551 2127 qua
573 2051 608 2105 et
622 2048 781 2104 narratur
795 2052 914 2105 ornate
930 2050 963 2104 et
977 2040 1070 2132 regio
1084 2065 1181 2133 saepe
1202 2058 1238 2115 66

87 2235 301 2254 ἠ

127 2383 204 2435 nihil
220 2379 388 2449 miserabile]
404 2378 726 2436 stedsdistmut.-
736 2378 859 2431 mirabile
872 2378 980 2446 Ceteri3
995 2396 1052 2451 qua
1065 2381 1096 2435 in
1112 2400 1180 2438 rose
1293 2428 1306 2447 ,

90 2451 184 2506 latuit
203 2467 274 2503 sana
290 2450 394 2509 vitium,

114 2521 303 2584 uerecunda]
319 2521 471 2571 verecundia
487 2519 539 2570 Dr.

122 2594 209 2661 uirgo
222 2591 320 2640 incorr.
335 2590 397 2656 qu]
414 2592 569 2654 incorrupto
581 2588 656 2658 uirgo
673 2583 784 2640 Nouius
796 2604 822 2641 r.
836 2598 947 2644 castum.
959 2616 993 2629 -
1007 2606 1031 2640 u.
1053 2587 1180 2657 quodum-

84 2663 166 2715 modo
179 2663 349 2726 incorrupta.
366 2658 435 2709 Ven·
445 2660 472 2712 2.
490 2655 555 2712 Tul.

121 2732 249 2793 dieitur]
269 2729 372 2783 dicetur
386 2726 444 2781 Gu.
459 2728 485 2781 1.

124 2802 290 2867 Quanquam
304 2798 395 2862 enine]
413 2813 471 2849 om.
486 2797 553 2845 mim
563 2794 634 2846 Ven.
647 2796 673 2847 2.

123 2871 206 2919 unius
226 2866 346 2985 οηῧονᾶὶο
362 2864 381 2920 l.
399 2863 469 2932 hoe]
494 2867 573 2916 unius
589 2862 720 2919 orationis
733 2859 829 2915 locutio
853 2862 901 2915 ier
918 2861 974 2917 Vit.
991 2893 1026 2904 -
1038 2864 1177 2917 orationis

89 2939 162 2990 Ven.
175 2940 202 2991 1.
214 2938 242 2989 2
296 2950 311 2985 e
331 2973 340 2989 .

129 3008 243 3073 digram
259 3005 365 3054 nomine
377 3003 431 3071 eet]
453 3001 501 3056 Sic
511 3000 573 3054 dedi
588 3018 621 3053 ex
634 3001 728 3054 Nonio
737 3018 763 3055 v.
773 3003 915 3071 dignutus:
937 3005 1092 3070 Quanquam
1108 3003 1177 3050 enim

97 3077 182 3124 omnis
192 3072 287 3123 locutio
301 3076 389 3124 oratio
401 3084 450 3137 est,
459 3085 546 3122 tamen
560 3074 638 3121 unius
650 3073 762 3122 oratorie
770 3070 869 3122 locutio
879 3072 928 3121 itur
940 3075 1046 3139 proprio
1064 3072 1179 3138 diguam

95 3143 200 3201 nominc
214 3154 261 3195 at·
280 3140 367 3196 Conf.
381 3140 668 3199 Cicer00ecouomic.
681 3138 779 3193 Lib.1,
794 3139 898 3205 fragm.
914 3138 1053 3204 primum:
1074 3140 1178 3202 „Homo

92 3231 128 3261 ex
139 3229 171 3262 eo
187 3228 291 3261 numero
307 3212 450 3277 bertinum,
470 3213 516 3274 qui
528 3211 600 3275 opud
613 3227 659 3258 noa
674 3209 832 3259 tormine
846 3208 1024 3274 dignantur.“
1045 3208 1088 3255 De
1099 3206 1178 3261 Orat.

88 3281 143 3349 III,
157 3282 184 3335 7.
198 3307 232 3320 -
245 3282 359 3349 signata
372 3300 399 3332 n.
414 3298 435 3329 e.
463 3278 565 3331 Ceteri.
579 3304 613 3315 -
624 3277 673 3325 hoc
687 3280 791 3343 proprie
810 3279 920 3347 signata
934 3294 960 3325 n.
975 3284 1022 3322 ear.
1041 3273 1107 3322 Ero.

157 3369 204 3423 65.
239 3386 300 3417 fleu
318 3367 357 3416 eit
375 3366 411 3415 ite
424 3360 604 3431 proporttum]
633 3362 680 3413 Sic
690 3363 742 3417 Dr.
754 3389 788 3401 -
801 3362 842 3410 itia
854 3361 1017 3429 propositum
1031 3356 1127 3410 Ceteri
1139 3359 1176 3414 ef.

90 3441 151 3504 m,
168 3441 197 3492 9.
215 3464 258 3518 -·
271 3452 329 3488 om.
342 3452 402 3484 eune
420 3430 531 3500 Gryph.
548 3436 571 3487 1.
590 3450 648 3481 cum
662 3432 704 3482 irie
716 3434 881 3500 propositum
898 3431 934 3479 eit
948 3427 1030 3483 Mon.

123 3502 555 3641 :interiisiiiileourieiririoiiiniiiti'
569 3503 597 3554 2

122 3642 299 3713 probabiles]
314 3638 467 3708 probabilis
484 3639 531 3692 Cr.

126 3713 204 3832 :citii
210 3709 463 3847 Jdugbruqueeriieeti·
472 3707 582 3831 {Ula-'uh

127 3852 247 3918 operriue
265 3845 449 3913 transerunt]
473 3849 605 3896 audacius
624 3843 689 3898 Sch.
712 3845 737 3899 2,
751 3873 784 3885 -·
802 3841 886 3894 atu'ue
906 3854 938 3896 tr.
956 3842 1008 3900 Or.
1024 3874 1058 3886 -
1071 3847 1173 3899 Sensus

101 3927 150 3970 est:
166 3933 263 3986 neque
277 3915 462 3968 dissimulant
472 3915 516 3979 uti
531 3914 721 3982 metaphoris,
738 3929 830 3982 risque
841 3911 872 3963 id
886 3912 1005 3965 obscure
1019 3915 1137 3968 faciunt.

103 3990 332 4122 q“qusqqqq'peirueque
350 3983 453 4048 eimiI.]
482 3983 607 4035 similiter
626 3985 829 4052 saepissimeque
848 3983 918 4037 Veu.
933 3985 958 4038 2.
983 3984 1089 4038 Tul.»
1114 3999 1172 4036 om.

161 4143 230 4210 Cap.
249 4143 295 4195 20.
330 4139 376 4192 66·
411 4149 437 4188 et
450 4142 600 4202 narratur]
619 4154 674 4190 om.
691 4148 716 4188 et
731 4136 799 4190 Vett.
814 4137 839 4191 1.
857 4135 934 4192 Mede

131 4222 153 4285 ‘i
165 4213 260 4281 regio]
280 4224 338 4260 om.
351 4220 377 4258 et
394 4207 463 4259 Vsu.
479 4210 506 4261 2.
524 4209 549 4258 T
551 4206 588 4259 ul.
