2692 5018
200 277 261 343 138
639 265 853 348 ORATOR

134 440 177 504 64
199 427 278 495 aetia
301 435 366 504 cet,
388 421 614 489 auribus-non
642 420 728 487 eatis.
777 419 844 487 Sed
875 421 908 487 id
936 423 1084 490 crebrius
1106 425 1180 492 fieri
1204 449 1281 491 non.

195 540 338 616 oportet.
397 525 550 590 Primum
582 524 670 588 enim
709 545 870 589 numerus
900 528 1109 612 agnoscitur,
1149 528 1274 593 deinde

194 635 310 708 satiat,
341 639 458 714 postea
484 628 617 712 cognita
638 625 795 694 facilitate
817 630 1056 696 contemnitur.
1100 633 1165 698 Sed
1190 643 1274 695 aunt

144 727 146 732 '
194 731 519 817 clausulae'plurea,
564 752 648 814 quae
679 751 857 792 numerose
893 743 927 795 et
962 733 1107 796 incunda
1142 735 1275 798 cadant.

193 839 279 908 Nam
303 845 335 898 et
357 832 513 912 creticus,
551 831 608 916 qui
631 843 679 895 est
701 831 841 916 elonga
862 843 896 896 et
918 833 1010 897 brevi
1032 845 1066 897 et
1086 837 1201 921 longa,
1238 846 1272 900 et

197 934 438 1020 eius-aequalis
460 957 577 1019 paean,
599 933 656 1020 qui
678 931 783 1018 spatio
806 954 868 1018 par
890 946 958 1012 est,
981 935 1107 1020 syllaba
1129 936 1277 1021 longior,

196 1062 299 1127 quam
320 1036 592 1102 commodissime
619 1045 757 1124 putatur
776 1034 812 1098 in
833 1036 975 1101 solutam
999 1036 1184 1103 orationem
1206 1037 1278 1103 itti-

194 1139 287 1229 gari‚
315 1160 391 1205 cum
421 1138 463 1203 ait
488 1137 621 1227 duplex.
663 1136 748 1205 Nam
776 1147 878 1203 aute
907 1139 1006 1223 longa
1038 1150 1143 1204 estet
1167 1139 1275 1205 tribue

194 1240 375 1313 brevibus.
410 1239 468 1324 qui
491 1260 653 1304 numerat
684 1238 721 1302 in
747 1235 856 1326 primo
886 1238 990 1326 viget,
1028 1241 1114 1307 iacet
1141 1244 1177 1308 in
1209 1266 1277 1307 ex-

197 1355 321 1421 tremo,
345 1350 405 1407 aut
426 1338 599 1405 etotidem
615 1338 773 1406 brevibus
794 1351 828 1405 et
842 1342 957 1428 longa,
978 1343 1014 1409 in
1029 1367 1129 1430 quem
1146 1345 1276 1430 optime

199 1447 318 1513 cadere
338 1453 473 1509 censent
493 1452 641 1506 veteres:
665 1462 725 1527 ego
747 1464 817 1507 non
835 1444 936 1532 plane
959 1444 1090 1525 reficio,
1111 1449 1167 1510 sed
1193 1447 1276 1510 alios

133 1552 186 1608 216
198 1559 376 1634 antepono.
429 1541 479 1610 Ne
498 1542 664 1628 spondeus
687 1543 824 1629 quidem
845 1544 995 1612 funditus
1019 1559 1069 1612 est
1091 1546 1272 1633 repudian-

199 1651 272 1715 dae.
316 1643 407 1724 Etsi,
429 1643 518 1726 quod
540 1655 589 1707 eat
611 1646 759 1730 elongie
790 1647 934 1724 duabus,
964 1647 1115 1715 hebetior
1137 1649 1272 1714 videtur

199 1762 234 1815 et
251 1747 399 1824 tardior,
428 1745 529 1810 habet
552 1756 663 1811 tamen
690 1748 837 1812 stabilem
867 1751 1035 1834 quendam
1062 1763 1095 1829 et
1114 1776 1186 1817 noa
1210 1775 1276 1816 ex-

197 1862 329 1941 pertem
359 1847 524 1934 dignitatis
552 1848 712 1932 gradum,
752 1849 786 1913 in
811 1849 1025 1916 incisionibus
1059 1874 1142 1919 vero
1166 1853 1275 1919 multo

199 1954 305 2038 magis
327 1951 407 2016 etin
424 1948 592 2014 membris.
621 1951 828 2016 Pareitatem
848 1951 940 2017 enim
963 1955 1088 2039 pedum
1103 1954 1277 2040 gravitatis

200 2079 280 2123 auae
313 2053 466 2118 tarditate
496 2065 697 2138 compensat.
754 2053 820 2120 Sed
846 2056 908 2120 hoa
939 2077 1016 2119 cum
1050 2054 1084 2121 in
1117 2056 1275 2121 clausulis

200 2158 301 2248 pedes
321 2153 476 2231 nomino,
504 2177 573 2219 non
592 2156 709 2241 loquor
734 2155 776 2219 de
798 2179 866 2220 uno
889 2156 973 2241 pede
996 2168 1154 2223 extremo.
1199 2156 1274 2221 Ad·
1311 2192 1326 2239 ·,

200 2261 301 2345 iunge
318 2256 423 2344 (quod
446 2257 622 2322 minimum
638 2257 693 2340 sit)
717 2259 915 2344 proximum
932 2256 1153 2347 superiorem,
1173 2280 1275 2346 saepe
1320 2284 1323 2291 ·

138 2368 190 2424 217
204 2362 306 2427 etiam
332 2358 479 2423 tertium.
529 2359 577 2425 Ne
599 2358 728 2424 iambus
748 2361 902 2444 quidem,
932 2360 992 2443 qui
1014 2371 1101 2425 este
1126 2360 1221 2425 brevi
1242 2371 1276 2425 et

200 2467 318 2551 langa,
346 2473 406 2526 aut
425 2483 486 2548 par
507 2460 630 2526 choreo
651 2459 845 2545 trochaeus,
869 2462 928 2549 qui
948 2461 1048 2529 habet
1069 2473 1135 2529 trec
1158 2462 1275 2528 breves

204 2592 411 2614 μ...-

272 2669 340 2736 Gap.
358 2665 400 2720 61.
434 2665 554 2730 cadant]
571 2666 682 2715 iucunde
701 2666 798 2714 cadant
810 2664 878 2718 Rut.

238 2756 300 2787 nam
315 2747 340 2784 et
353 2732 481 2801 creticae]
499 2753 561 2783 nam
576 2737 688 2784 creticae
702 2737 748 2802 qui
760 2753 793 2786 ex
808 2734 890 2803 longa
905 2747 931 2785 et
945 2737 1015 2786 brevi
1027 2748 1051 2787 et
1063 2735 1160 2802 langa,
1181 2737 1277 2786 eteius

93 2820 96 2826 ·
203 2805 324 2874 aequalia
335 2820 438 2870 paean,
457 2804 504 2870 qai
516 2805 604 2868 spatio
615 2822 667 2867 par
682 2802 786 2870 syllaba
799 2802 915 2872 longior,
934 2807 980 2871 qni
999 2808 1205 2855 commodieaime
1220 2817 1276 2861 etc.

203 2874 298 2927 Rasin.
311 2889 356 2991 alp.
370 2869 526 2922 Pithoeum·
537 2873 624 2940 -qui
638 2873 844 2923 commodissime
858 2871 914 2928 vit.
931 2873 1107 2944 Med-qui
1128 2893 1278 2925 accommo-

203 2947 310 2995 dlaat'me
350 2956 374 2994 Υ.
898 2974 901 2982 .

239 3030 300 3060 anm
317 3005 483 3076 antelonga
497 3019 535 3057 eat
548 3007 588 3076 et]
609 3007 655 3059 St'c
666 3006 759 3076 recepi
781 3023 796 3060 e
817 3008 869 3062 Vit.
890 3009 956 3063 Rus.
972 3011 1065 3063 Ceteri
1089 3028 1143 3064 om.
1168 3021 1230 3064 eet?
1244 3039 1278 3052 -

204 3099 262 3137 om.
277 3089 324 3130 aut
339 3079 390 3132 Dr.
403 3106 435 3116 -
449 3096 510 3125 nam
529 3088 557 3126 ut
574 3098 587 3128 e
607 3077 688 3147 longa
702 3077 775 3133 vict.
1120 3102 1125 3109 ⁴

240 3161 288 3201 aut
303 3168 317 3198 e
331 3145 454 3213 totidem]
476 3145 521 3197 Sic
535 3145 634 3197 addita
643 3147 793 3214 praeposit.
811 3146 921 3201 eGrnt.
942 3147 1009 3201 Ern.
1034 3149 1084 3202 Or.
1104 3158 1132 3200 et
1145 3149 1277 3202 Rnfinne.

205 3237 261 3274 om.
276 3217 357 3270 evit.
371 3215 422 3267 Dr.
438 3214 506 3265 Van.
520 3221 543 3270 1.
556 3217 581 3267 2.
600 3215 676 3269 Med.
692 3215 757 3271 Tul.
773 3215 854 3268 Aldd.
874 3218 917 3270 Ja·
933 3218 1009 3270 Crat.
1026 3219 1099 3274 vict.
1125 3220 1206 3271 Men.

238 3285 369 3356 inquam]
390 3301 447 3339 om.
463 3286 491 3333 in
508 3283 573 3336 Rus.

238 3378 271 3409 ne
288 3357 435 3422 spondens]
454 3371 516 3402 nam
529 3354 656 3420 spondeus
669 3365 708 3404 eet
720 3354 824 3421 quidem
834 3351 964 3423 finditur
977 3354 1045 3410 ttuf.

272 3425 333 3480 216.
368 3425 432 3487 etri,
451 3421 536 3490 quod]
558 3435 582 3471 et
598 3425 667 3490 quod
681 3434 719 3474 eet
732 3424 786 3477 Dr.
800 3448 833 3462 -
855 3427 906 3473 etei
927 3427 996 3494 quod
1017 3437 1055 3475 eet
1076 3445 1091 3476 e
1104 3424 1208 3496 longia,
1229 3421 1279 3478 lte}-

206 3497 290 3548 betior
304 3491 369 3544 Rus.
383 3517 417 3531 —
432 3493 484 3542 etei
500 3492 567 3540 enim
584 3493 652 3558 quod
665 3491 698 3543 L.

238 3561 388 3632 expertem]
406 3572 540 3627 expertum
554 3560 621 3612 Van.
635 3561 661 3619 2.
676 3559 742 3621 Tul,

238 3646 264 3686 et
275 3636 304 3684 in
317 3630 455 3696 rnemdrie]
472 3647 550 3697 quarm
567 3631 594 3684 in
614 3630 733 3679 memorie
749 3627 867 3687 Lallem.

238 3702 402 3770 puriritatem
418 3717 439 3749 e.
474 3698 568 3764 edam]
586 3697 747 3766 syllabarum
760 3701 828 3750 enim
840 3699 1005 3768 paucitatem
1020 3716 1098 3768 grav.
1108 3700 1140 3753 L.
1149 3727 1187 3757 .-
1202 3721 1278 3770 pau.

204 3773 314 3823 citatem
328 3772 394 3819 enim
415 3718 578 3828 syllabarum
590 3783 647 3834 mg.
666 3768 742 3823 1584.

236 3839 386 3908 gravitatis
399 3854 462 3885 auae
485 3837 632 3896 tarditate]
655 3839 792 3900 gravitate
815 3855 864 3892 aaa
884 3847 910 3888 rt
931 3838 1060 3888 tarditate
1083 3837 1148 3892 Rul.
1171 3838 1224 3892 bis.
1243 3869 1278 3878 -

206 3909 346 3963 tarditatis
363 3923 426 3954 suae
437 3906 575 3971 gravitate
587 3904 650 3957 Sch.
664 3909 689 3962 2.
706 3906 808 3976 nuspic.

241 3977 286 4027 red
300 3975 365 4037 lae]
384 3990 440 4031 om.
459 3974 505 4022 lor
518 3973 581 4028 Tul.
1092 4027 1095 4033 ,

238 4041 570 4162 prpixpnumeuperiorem]
588 4045 707 4105 proxime
719 4045 875 4111 superiorem
889 4043 955 4095 Ern.
979 4071 1010 4083 -
1034 4043 1136 4100 Sabell.
1159 4042 1277 4115 ruperia·

206 4134 259 4168 rem
291 4123 354 4164 eet.
1093 4160 1099 4170 ,

273 4183 331 4236 att.
367 4190 415 4230 aut
429 4198 480 4246 par
498 4179 589 4229 choreo
611 4181 765 4248 trachatur]
792 4179 909 4232 Refntet
934 4180 988 4231 hoc
1012 4182 1075 4233 loco
1099 4182 1197 4232 Cicero
1218 4200 1276 4248 eos,

206 4254 254 4324 qui
269 4260 359 4304 certat
376 4263 509 4301 numeros
525 4246 556 4298 ia
570 4247 696 4301 oratione
710 4249 909 4317 repudiabant,
928 4249 1056 4320 interque
1070 4250 1120 4301 lros
1129 4250 1277 4319 Ephorum
