2692 5018
346 265 414 333 AD
443 262 669 332 MARCUM
696 263 924 338 BRUTUM.
1135 276 1175 336 17

98 444 194 490 more
211 418 356 489 Asiatico
372 443 491 486 canere
509 419 682 508 coepisset,
702 418 774 509 quis
788 442 865 485 eum
882 419 1010 486 ferret?
1029 430 1088 486 aut
1101 420 1174 507 quis

97 524 210 614 potius
225 544 292 587 non
306 521 439 588 iuberet
450 521 600 588 auferri?
1072 576 1077 587 ,

184 624 236 692 Ad
252 624 441 691 Atticorum
463 624 568 709 igitur
593 644 691 688 aures
714 632 837 689 teretes
865 635 898 688 et
924 621 1090 709 religiosas
1116 624 1215 709 qui9

96 753 134 796 se
164 725 437 801 accommodant,
478 725 505 790 ii
542 736 621 791 sunt
657 725 870 792 existimandi
902 725 1012 794 Attice
1050 727 1172 791 dicere.

98 833 258 921 Quorum
283 849 408 914 genera
430 827 528 914 plura
556 839 651 910 suut3
689 827 724 894 hi
753 851 862 893 uuum
882 828 983 894 modo
1008 829 1108 915 quale
1126 827 1170 894 sit
1190 830 1227 887 28

97 934 322 1022 suspicantur.
364 928 487 992 Putant
510 928 600 994 enim
630 929 691 1016 qui
707 929 841 997 horride
863 930 1057 1016 inculteque
1073 928 1172 1003 dicat,

97 1036 202 1104 modo
213 1034 248 1098 id
266 1032 435 1118 eleganter
452 1031 692 1115 enucleateque
708 1029 826 1110 faciat,
850 1054 925 1097 eum
941 1032 1049 1096 solum
1067 1033 1175 1097 Attice

98 1139 225 1204 dicere.
267 1135 409 1208 Errant,
432 1133 522 1217 quod
539 1134 663 1197 solum:
691 1134 783 1220 quod
797 1133 932 1214 Attice,
960 1156 1030 1199 nou
1047 1131 1174 1198 fallun-

98 1254 170 1306 tur.
212 1241 355 1305 Istorum
379 1235 469 1299 enim
494 1235 618 1300 iudicio
639 1236 667 1301 si
693 1237 803 1303 solum
828 1237 911 1303 illud
937 1247 988 1300 est
1010 1234 1171 1316 Atticum,
1193 1233 1227 1288 29

97 1366 144 1408 ne
164 1338 306 1407 Pericles
322 1336 458 1424 quidem
478 1336 568 1403 dixit
583 1336 708 1418 Attice,
730 1337 783 1406 cui
804 1337 934 1425 primae
947 1336 1020 1401 sine
1037 1347 1175 1404 contro-

97 1442 207 1506 versia
223 1437 473 1505 deferebantur.
517 1441 574 1524 qui
598 1440 624 1504 si
641 1441 733 1507 tenui
751 1462 876 1526 genere
893 1451 1059 1515 uteretur,
1080 1461 1174 1505 nun·

97 1567 200 1630 quam
222 1540 264 1605 ab
283 1538 508 1622 Aristophane
521 1552 619 1627 poeta
639 1541 787 1628 fulgere,
808 1554 951 1620 tonare,
972 1540 1174 1629 permiscere

96 1645 278 1714 Graeciam
294 1640 401 1707 dictus
415 1653 508 1706 esset.
552 1643 649 1709 Dicat
667 1643 770 1728 igitur
789 1644 901 1712 Attice
918 1642 1174 1713 venustissimus

95 1749 155 1815 ille
171 1746 315 1830 scriptor
341 1766 380 1809 ac
398 1741 615 1830 politissimus
634 1746 767 1833 Lysias,
802 1748 890 1831 (quis
909 1747 1000 1813 enim
1022 1744 1057 1810 id
1073 1745 1175 1832 possit

96 1848 259 1936 negaret)
288 1846 369 1911 dum
395 1846 622 1930 intelligamus
651 1850 718 1914 hoa
739 1870 809 1922 esse
834 1849 985 1915 Atticum
1011 1848 1048 1913 in
1067 1849 1174 1936 Lysia,

96 1976 167 2018 uon
184 1948 273 2036 quod
295 1946 404 2012 tenuis
424 1947 578 2036 citatque
599 1948 792 2025 inornatus,
819 1951 876 2016 sed
900 1950 990 2035 quod
1008 1949 1091 2017 nihil
1111 1950 1174 2015 ha-

96 2054 176 2119 heat
195 2041 343 2118 insoleus
358 2060 418 2115 aut
438 2049 615 2143 ineptum..
653 2052 783 2117 Ornate
808 2074 889 2117 vero
911 2064 946 2118 et
968 2052 1115 2139 graviter
1142 2062 1174 2116 et

96 2155 231 2244 copiose
257 2152 366 2217 dicere
392 2165 452 2216 aut
473 2153 661 2219 Atticorum
681 2152 743 2232 sit,
773 2167 832 2220 aut
852 2177 895 2219 ne
922 2155 967 2219 sit
992 2153 1170 2220 Aeschines

96 2279 185 2323 neve
205 2255 450 2320 Demosthenes
472 2254 612 2321 Atticus.
653 2254 741 2320 Ecce
760 2269 872 2319 autem
900 2255 1004 2341 aliqui
1025 2281 1059 2321 se
1075 2257 1173 2322 Thu·
1194 2267 1229 2321 so

98 2355 248 2440 cydidios
265 2377 335 2420 esse
347 2354 566 2442 profitentur,
590 2376 718 2423 novum
745 2356 915 2443 quoddam
937 2357 1173 2446 imperitorum

96 2517 309 2535 m

97 2636 159 2704 quis
172 2652 227 2684 eum
231 2633 321 2702 ferret
334 2646 383 2685 aut
396 2636 455 2704 quis
465 2633 578 2704 potine]
597 2634 656 2703 quie
670 2637 739 2688 erim
751 2642 838 2700 ferret
854 2655 890 2688 arr
901 2636 991 2707 potius
1006 2639 1066 2708 quie
1078 2639 1130 2693 Dr.
1140 2667 1175 2680 ·-

96 2712 248 2772 autpertus
263 2705 321 2772 quie
340 2704 397 2757 vit.
415 2707 484 2758 Ven.
501 2708 527 2760 ἒ.
546 2705 611 2760 Tul.
624 2707 708 2761 Mon.

169 2775 236 2841 Cap.
254 2781 279 2833 9.
315 2777 358 2824 Aa
371 2775 531 2843 Atticorum]
552 2786 583 2826 at
594 2778 747 2828 Atticorum
762 2776 845 2839 igitur
859 2793 901 2828 ree
913 2786 1007 2829 teretes
1021 2775 1072 2830 Dr.
1084 2804 1117 2817 -
1130 2780 1176 2831 red

95 2843 248 2893 Atticarum
265 2844 334 2894 Ven.
348 2846 372 2897 1.
389 2843 469 2900 Med.

132 2914 154 2961 ii
165 2910 237 2977 eunt]
256 2911 285 2960 lri
298 2913 353 2967 Vit.

167 2981 210 3034 28.
246 2979 324 3047 quale
340 2983 393 3048 sit]
410 2981 488 3049 qrcale
505 2983 533 3033 id
546 3000 645 3050 cunque
656 2983 692 3034 eit
704 2981 803 3035 Lamb.

136 3047 333 3116 enucleateque]
354 3050 463 3101 Nonius
480 3069 504 3104 v.
523 3051 666 3103 enucleate.

167 3118 211 3168 29.
247 3121 280 3165 ab
295 3119 488 3186 Aristophane]
508 3120 750 3174 abAristoneVen.
761 3123 786 3175 1.
803 3117 876 3173 Med.
888 3141 923 3158 --
935 3116 969 3173 V.
982 3118 1171 3177 Acham550.

114 3245 116 3249 .
126 3182 251 3253 fulgere]
264 3184 412 3254 fulgurare
427 3189 501 3239 litut.
514 3191 541 3242 2.
551 3189 611 3241 Ald.
623 3192 649 3243 2.
670 3190 747 3242 Crat.
763 3191 843 3240 Men.
856 3189 956 3242 Lamb.
974 3188 1084 3259 Gryph.
1098 3193 1122 3245 1.
1139 3207 1173 3242 ac

100 3253 264 3324 Quinctil,
280 3256 322 3320 16,
337 3257 386 3321 19,
405 3256 428 3306 si
441 3256 524 3308 lectio
538 3257 577 3310 ibi
592 3275 658 3311 vera
672 3267 722 3313 est.
741 3258 825 3313 Cous.
839 3259 913 3310 enim
925 3258 996 3312 ibid.
1007 3261 1074 3320 XII,
1083 3262 1125 3323 10,
1133 3258 1173 3314 24.

98 3325 193 3390 „Ouid
211 3324 350 3376 Periclea?
373 3323 517 3375 similemne
535 3327 662 3378 eredimus
678 3331 810 3397 Lysiacae
827 3327 997 3395 gracilitati,
1018 3347 1094 3397 quem
1104 3322 1173 3394 jul-

97 3394 212 3443 minibur
226 3403 249 3440 et
263 3391 366 3442 coelesti
371 3396 484 3462 fragori
499 3409 652 3462 comparant
663 3398 771 3458 Cantici,
789 3398 850 3448 dum
857 3396 902 3449 itti
908 3398 1130 3463 comicianturl“
1139 3423 1173 3436 -

95 3461 202 3528 fulgere
215 3474 241 3511 et
255 3475 346 3513 tonare
360 3463 430 3516 Van.
442 3465 468 3519 2.
486 3461 550 3515 Tul.

132 3534 220 3582 dictur
233 3531 312 3599 esset]
337 3548 393 3583 om.
407 3543 474 3582 esset
485 3530 542 3588 Dr,¹

131 3603 205 3650 dicat
218 3600 317 3668 igitur]
336 3603 404 3652 dicet
417 3603 501 3668 igitm
513 3601 569 3655 Vit.

133 3669 185 3719 lroc
196 3688 250 3718 esse
263 3671 407 3732 Atticum]
425 3671 474 3721 liae
485 3682 525 3720 est
538 3671 568 3733 Α,
586 3670 656 3724 Van.
671 3672 694 3728 1.
711 3667 790 3729 Med.

133 3739 202 3805 quod
215 3739 318 3804 tenuis]
338 3744 406 3803 quod
422 3739 470 3790 lior
482 3743 568 3791 tenuis
583 3741 637 3796 Dr.

131 3804 180 3853 aed
196 3806 263 3871 quod
283 3807 351 3857 nihil
369 3805 483 3878 babeat]
500 3825 557 3862 om·
575 3811 621 3861 aad
636 3808 707 3862 Veu.
719 3812 746 3866 2.
761 3806 931 3863 *nonnihil
950 3806 1048 3863 haheat
1066 3809 1120 3866 Dr.
1137 3837 1170 3858 ¹¹-

92 3874 167 3925 mihi
181 3875 276 3923 haheat
290 3874 350 3928 Ald·
365 3879 391 3931 2.
622 3897 626 3903 “

120 3953 181 4012 ιατη
195 3961 226 3990 ne
242 3946 296 4059 sill]
314 3956 360 4026 apt
375 3960 425 4034 nort
440 3947 476 3996 rit
489 3934 615 3999 ercitum*
625 3947 678 4000 vtt.

130 4011 578 4154 essloprnlildllhl]alislllshipeet.
591 4086 656 4137 Ern-
677 4081 732 4139 Sed
740 4104 765 4140 v.
772 4080 904 4151 Matthiae
919 4085 1039 4142 Miscell.
1051 4084 1121 4155 phil.
1133 4089 1172 4139 11.

93 4154 127 4208 P.
139 4153 166 4205 2.
183 4167 210 4219 p.
221 4149 280 4204 123.
299 4147 424 4202 Scheller
436 4152 509 4206 ohss.
528 4171 554 4220 p.
564 4154 607 4208 36.

130 4217 328 4287 imperitorum]
348 4232 372 4272 et
388 4223 477 4291 imper.
489 4223 566 4276 Meu.
584 4217 655 4278 Kob.
670 4223 735 4278 Tul.
780 4238 783 4245 '

942 4296 967 4362 B
1057 4310 1062 4317 .
