2692 5018
205 205 253 260 xx

208 369 295 452 (Ven.
311 370 354 442 1.)
375 365 415 426 M.
439 365 474 424 T.
493 363 644 426 Ciceronis
668 366 710 425 lie
730 365 870 426 Oratore.
910 365 952 425 lle
981 365 1119 426 Perfecto
1142 360 1288 422 Oratore.

311 451 434 532 Topica.
456 451 645 510 Partitiones.
679 452 720 511 lle
741 450 1035 531 cluris91·atoribns.
1073 452 1116 510 De
1135 449 1291 509 Petilione

316 537 499 600 consulatus.
527 538 570 595 De
586 536 700 615 optimo
714 556 821 614 genere
835 534 1005 595 Oratorurn.
1029 534 1166 594 Universi
1183 534 1290 614 operis

314 623 381 682 linis
399 642 455 702 per
471 620 713 681 Bartholomeum
728 620 915 682 Alexadrinii
937 630 966 680 et
980 621 1129 680 Andream
1147 619 1291 680 Aruleni]

312 708 453 787 impressi
480 705 612 768 Venetiis
638 727 663 768 e.
688 706 966 769 MCCCCLXXXV.
1002 707 1055 772 lll.
1075 708 1174 766 Nonas
1201 706 1292 765 Mar-

311 794 370 854 tias
387 792 439 852 sol.

207 913 311 992 (Kob.)
333 912 444 972 Eodem
468 909 578 980 editio,
606 911 643 968 ab
670 908 823 971 Anthonio
844 909 998 987 Koberger
1016 912 1144 990 repetita
1164 911 1290 971 Norim·

311 998 421 1076 berges
435 994 772 1056 MCCCCLXXXXVll.
801 995 964 1075 Utramque
981 998 1096 1056 contuli
1110 995 1290 1073 editionem,

312 1104 351 1145 ne
373 1080 642 1163 praetermitterem
665 1080 780 1160 aliquid
803 1099 841 1140 ex
858 1079 916 1142 hnc
938 1082 1023 1157 longe
1043 1082 1175 1141 omnium
1193 1101 1291 1163 pree-

314 1167 493 1228 stantissima
520 1165 660 1226 editione.
712 1165 757 1224 Ao
786 1166 851 1226 vidi
878 1166 933 1225 has
957 1165 1102 1225 editiones
1128 1188 1190 1226 non
1217 1167 1292 1226 ubi.

314 1272 373 1332 qne
392 1261 428 1312 ut
446 1252 538 1329 vulgo
554 1252 871 1331 putaturconsentiro,
886 1251 1005 1313 sedhic
1022 1252 1129 1313 stillio
1148 1253 1291 1313 diversas

314 1339 469 1397 continere
483 1335 638 1412 lectiones,
652 1355 709 1395 nec
722 1356 794 1395 casu
807 1337 900 1397 solun
911 1357 947 1396 ac
960 1348 1071 1398 temere
1081 1339 1135 1397 sed
1144 1339 1290 1398 oonsilio.

315 1423 365 1482 sic
384 1432 421 1481 ut
446 1442 507 1480 uno
529 1431 597 1483 utar
621 1421 758 1500 exemplo
772 1417 803 1500 1.
823 1423 895 1491 148.
918 1422 991 1488 Ven.
1009 1429 1037 1489 1.
1059 1423 1292 1484 deducebantur

312 1507 448 1590 praebet,
470 1506 549 1569 Kob.
561 1504 750 1568 dicebantur.

208 1628 324 1711 (Med.)
304 1627 493 1707 )Ciceronis
507 1624 609 1705 Opere
629 1624 792 1686 Mediolani
804 1598 1083 1691 MCCCCLXXXX

209 1747 296 1830 (Ven.
304 1749 348 1824 2.)
371 1746 491 1806 Orator.
514 1744 558 1804 De
571 1745 644 1806 fato
665 1746 778 1826 Topica
794 1755 825 1805 et
841 1746 878 1805 de
894 1746 1094 1808 Univereitnte
1114 1768 1171 1829 per
1184 1748 1292 1813 lione

314 1842 379 1893 tum
394 1831 575 1891 Locatellum
590 1831 721 1891 Venetiis
737 1826 1112 1894 Mcccctxxxxl1.'fol.

213 1950 293 2025 (Asc.
304 1950 349 2031 1)
370 1949 469 2030 Opera
490 1942 640 2010 Ciceronis
657 1949 875 2010 Venundantur
894 1971 964 2009 cum
979 1951 1104 2011 caeteris
1119 1954 1156 2013 ab
1174 1954 1293 2018 Ioanne

195 2064 198 2071 ·
317 2037 414 2096 Parvo
435 2045 465 2096 et
485 2035 597 2094 lodoco
617 2034 711 2093 Badio
733 2036 826 2096 Poris.
853 2041 944 2101 1511.
987 2037 1021 2094 ln
1035 2038 1101 2096 aliis
1115 2039 1200 2098 libris
1215 2040 1293 2101 edi-

317 2121 394 2181 tioni
420 2120 635 2182 Mediolanensi
658 2129 704 2178 eet
726 2118 891 2180 simillimo:
913 2121 944 2181 in
965 2121 1030 2180 eliis
1054 2123 1141 2182 utin
1163 2126 1292 2185 Somnio

317 2206 468 2286 Scipionis
489 2205 578 2264 valde
601 2214 647 2265 est
668 2204 826 2268 dissimilia.
862 2206 958 2265 lluiue
980 2226 1036 2284 ego
1050 2209 1188 2268 editionis
1201 2232 1292 2270 men-

316 2292 426 2351 tionem
442 2291 501 2350 feci
514 2311 596 2366 raro,
618 2289 689 2369 quia
708 2310 776 2352 cum
791 2291 1034 2353 Mediolanensi
1023 2313 1055 2351 m
1071 2293 1229 2376 plerisque
1245 2297 1292 2356 lo·

317 2377 360 2435 cis
377 2375 516 2437 Oratoris
531 2375 700 2437 consentit.

99 2502 102 2507 '
212 2497 293 2568 (illd.
304 2503 332 2563 1
335 2497 349 2576 )
373 2496 482 2556 Aldina
500 2496 591 2561 1514

212 2611 321 2703 (ln.1.)
345 2615 464 2675 Iuntina
480 2615 571 2680 1514.

212 2720 499 2887 (Tul.)¹(gpa5tor4ad
516 2732 557 2796 M.
578 2733 706 2795 Brutum
724 2733 771 2795 ed.
789 2731 976 2795 Hermannus
993 2735 1149 2797 Tulichius
1167 2737 1293 2820 Lipsiae

212 2938 296 3022 (Asc.
305 2934 351 3022 2.)
376 2941 478 3020 Opera
498 2937 649 3000 Ciceronis
670 2938 805 2999 Lutetiae
827 2936 1006 2999 Parisiorum
1035 2940 1116 3020 opud
1140 2940 1293 3002 lodooum

224 3032 227 3037 '
317 3025 447 3085 Badium
468 3025 641 3085 Ascensium
660 3026 752 3091 1522.
785 3022 850 3082 Hoc
868 3044 941 3085 vero
957 3045 1073 3104 nonum
1091 3025 1164 3083 Asc.
1186 3029 1294 3087 inter

318 3112 390 3170 duni
404 3111 509 3191 posui,
533 3120 562 3170 et
579 3111 672 3189 prima
691 3119 721 3170 et
739 3101 871 3169 secunde
886 3111 974 3169 simul
997 3111 1175 3195 Ascensiana
1190 3113 1293 3173 intel-

315 3196 413 3256 lecta:
435 3196 470 3256 fit
488 3195 564 3255 enim
589 3194 649 3254 hoo
661 3194 714 3254 ubi
729 3194 878 3256 consentit
892 3205 1086 3276 utroque-
1116 3196 1226 3256 Hanc
1216 3200 1292 3257 nni·

317 3291 400 3341 tatur
423 3280 620 3342 Cratandrina
641 3284 779 3343 maxime.

213 3399 269 3469 (Iu.
279 3404 321 3478 2.)
343 3401 462 3459 luntina
481 3401 574 3466 1526.
612 3399 668 3458 Ubi
689 3399 838 3460 consentit
856 3407 1001 3479 utreque,
1024 3409 1055 3459 et
1073 3399 1192 3460 Iuntina
1212 3407 1241 3466 1.
1261 3413 1293 3464 et

316 3486 433 3546 Iuntina
447 3491 489 3561 2.,
511 3485 604 3547 Iuntt.
622 3485 671 3545 vel
687 3484 862 3566 simpliciter
877 3484 924 3548 Iu.
938 3486 1036 3566 posui.

214 3601 324 3684 (Crat.)
347 3604 541 3665 Cratandrina
558 3605 649 3666 Besil.
669 3605 762 3674 1528.

214 3722 346 3807 (illm)
370 3724 477 3783 Aldina
500 3729 588 3790 1533.
630 3723 715 3783 Prior
740 3724 848 3786 Aldine
878 3725 973 3785 multo
1010 3733 1055 3785 est
1075 3724 1293 3804 praestantior,

320 3808 394 3869 haec
412 3809 694 3888 interpolationibus
710 3820 756 3870 est
778 3810 910 3888 insignis.
925 3844 967 3857 -
996 3810 1052 3869 Ubi
1069 3821 1198 3890 utraque
1216 3831 1294 3871 coir.

319 3894 410 3955 sentit
425 3895 455 3954 in
471 3895 611 3972 lectione,
631 3893 728 3955 Aldu.
748 3895 846 3975 posui.

225 4014 341 4097 Gryph.
355 4016 396 4088 1.)
428 4014 539 4076 Orator
560 4034 628 4074 cum
642 4014 773 4074 Victoris
790 4013 887 4074 Pisani
902 4012 1124 4076 commentario.
1149 4013 1293 4092 Lugduni

318 4099 398 4182 apud
414 4102 482 4164 Seb.
500 4098 668 4181 Gryphium
686 4104 778 4168 1536.
806 4106 836 4168 4.
