2692 5018
158 275 202 342 80
589 267 813 339 ORATOR

160 445 303 510 cumque
325 420 453 488 animoa
473 412 584 509 prima
605 423 814 510 aggressione
834 427 1066 516 occupaverit,
1096 427 1258 497 infirma-

159 525 210 592 bit
231 527 453 612 excludetque
474 525 659 600 contraria;
684 525 726 590 de
747 525 947 596 firmissimis
969 531 1035 596 alie
1050 530 1177 620 prima
1194 555 1258 621 po-

160 628 317 694 aetalia
347 640 535 714 postrema,
575 627 826 715 inculcabitque
853 632 990 700 leviora.
1058 635 1188 719 Atque
1224 635 1258 700 iu

161 729 282 818 primis
304 728 434 794 duabus
456 730 587 796 dicendi
609 730 759 820 partibus
779 734 885 818 qualis
907 747 1012 812 eeeet,
1045 737 1257 804 summatim

100 835 141 897 16
164 830 378 916 breviterque
400 834 644 922 descripsimus.
688 832 774 915 Sed,
796 845 936 900 utente
957 836 1090 901 dictum
1114 849 1194 919 eet,
1226 840 1257 905 iu

108 940 143 995 51
165 933 216 998 his
238 936 387 1023 partibus
420 937 493 1016 (etei
515 960 636 1024 gravet
657 948 759 1022 atque
780 959 923 1024 maguae
944 937 1037 1025 eunt)
1060 938 1200 1007 minue
1228 953 1257 1008 et

162 1036 243 1103 artis
265 1049 316 1102 est
336 1049 368 1102 et
388 1038 520 1104 laboris.
1104 1125 1108 1133 1

249 1137 335 1204 Cum
358 1153 489 1221 autem,
530 1153 561 1206 et
588 1140 668 1228 quid
691 1151 725 1204 et
745 1161 810 1225 quo
830 1143 904 1207 laco
925 1141 1028 1223 dicat,
1065 1143 1255 1227 invenerit,

161 1243 244 1312 illud
269 1254 318 1307 eet
338 1243 437 1329 longe
459 1244 661 1324 maximum,
699 1243 815 1308 videre
845 1268 989 1330 quonam
1012 1247 1136 1312 modo.
1187 1248 1255 1316 Sei·

164 1359 239 1413 tum
266 1357 313 1411 eet
345 1346 451 1424 enim,
487 1345 577 1430 quod
608 1346 794 1412 Carneades
824 1359 939 1412 noster
969 1348 1084 1415 dicere
1113 1352 1253 1437 colebat

166 1450 414 1519 Clitomachum
438 1447 556 1513 eadem
580 1448 706 1529 dicere,
743 1449 963 1515 Charmadam
987 1462 1109 1518 autem
1137 1455 1254 1521 eodem

166 1556 268 1622 etiam
290 1551 391 1618 modo
416 1551 536 1618 dicere.
582 1550 683 1640 Quod
705 1550 791 1616 siin
812 1551 1188 1642 philosophiatantum
1209 1558 1255 1625 iu·
1288 1570 1294 1583 '

166 1734 376 1751 μ

167 1870 171 1878 .
202 1827 366 1896 infirmabit]
385 1827 412 1878 in
424 1827 560 1877 armaverit
569 1826 653 1880 Mon.

201 1896 384 1964 excludetque]
404 1913 459 1950 om.
476 1915 525 1965 que
538 1895 595 1949 vit.

237 1967 306 2033 Cap.
326 1967 368 2020 16.
402 1967 445 2021 51.
481 1976 505 2015 et
523 1967 629 2035 quidet
645 1961 712 2033 quc]
731 1962 1026 2022 SicDr.Mon.Vict.
1045 1985 1172 2026 -cru,
1187 1970 1254 2042 pria

167 2037 301 2091 etCeteri.
830 2048 833 2053 '

203 2108 272 2176 quod
288 2103 451 2170 Carneadea]
473 2104 537 2171 quid
552 2101 604 2154 Dr.

171 2174 363 2229 Clitomachum
379 2175 468 2223 eadem
482 2174 583 2235 dicere,
605 2169 800 2240 Charmadam]
821 2171 1010 2225 Clitomachum
1024 2194 1058 2225 ea
1076 2176 1181 2230 dicere
1197 2182 1252 2232 Car·

168 2247 277 2299 modam
302 2253 390 2292 autem
413 2245 500 2292 eadem
522 2243 603 2292 etiam
621 2242 696 2290 rncdo
712 2242 806 2291 dicere.
825 2243 970 2296 Dr-Mon.
987 2270 1021 2284 -
1040 2243 1161 2299 Clitcm.
1177 2251 1251 2300 eadi-

168 2333 243 2367 cere:
263 2313 426 2363 Carneadem
439 2329 498 2361 uero
514 2312 595 2359 etiam
609 2312 698 2360 eodem
711 2312 785 2359 modo
800 2311 894 2365 dicere.
908 2314 964 2363 vit.
978 2340 1013 2350 —
1031 2313 1098 2367 Clit.
1117 2335 1157 2367 ea
1167 2320 1250 2381 dicere,

169 2385 330 2438 Carneadem
352 2392 439 2431 cutem
455 2381 512 2436 eod,
530 2390 563 2431 et.
584 2380 659 2428 ruodo
677 2380 703 2433 d.
723 2378 800 2435 Med.
820 2379 884 2433 Tul.
903 2410 938 2420 —-
958 2380 1020 2434 Clit.
1042 2386 1148 2435 eadem
1167 2389 1250 2451 dicere,

171 2454 333 2506 Carneadem
346 2468 372 2504 a.
389 2452 445 2503 eod.
460 2470 481 2499 e.
497 2448 647 2504 n1.‹l,Ven.
663 2452 687 2503 1.
702 2451 727 2502 2.
747 2448 807 2498 Ald.
819 2452 843 2503 1.
864 2451 939 2504 Crat.
951 2452 1029 2502 Mun.
1039 2479 1075 2490 —
1088 2453 1163 2506 Clie,
1173 2458 1249 2506 eadee

169 2525 273 2587 dicere,
301 2520 477 2572 Charmadam
499 2530 587 2568 autem
610 2538 632 2568 e.
656 2535 726 2570 am.
742 2517 1090 2574 d.Vict.La1nb.-clit.
1115 2525 1249 2575 eademd·

172 2593 333 2643 Carneadem
346 2608 372 2641 a.
390 2591 477 2639 eadem
491 2589 572 2637 etiarn
584 2590 659 2637 moda
674 2588 763 2636 eadem
778 2588 865 2637 dicere
877 2587 938 2640 Ald.
950 2590 976 2642 2.
984 2618 1019 2628 -
1030 2588 1096 2643 Clit.
1114 2595 1212 2644 eadem
1222 2595 1249 2656 d,

172 2662 334 2712 Carneadem
348 2670 436 2707 autem
451 2675 501 2707 nan
518 2658 605 2705 ecdem
621 2657 702 2705 etiam
715 2657 790 2705 modo
806 2658 892 2707 dicere
907 2656 1014 2726 Gryph.
1028 2659 1054 2712 2.
1072 2684 1111 2700 ·-
1135 2661 1201 2713 ctie.
1217 2680 1250 2712 ea·
1279 2660 1286 2671 '

169 2731 229 2779 dem
250 2728 351 2793 dicere,
386 2727 562 2776 Charmadam
586 2729 677 2774 autem'
695 2727 807 2792 quodam
829 2728 911 2776 etiam
938 2730 1021 2781 ruodo.
1052 2726 1132 2791 (um.
1160 2731 1251 2798 dicere)

168 2796 235 2850 Scir.
255 2799 281 2850 2.
296 2824 331 2836 -
346 2797 415 2863 quod
440 2795 604 2845 Charmodara
625 2805 714 2843 notter
735 2796 787 2847 dic.
808 2793 922 2861 colebat,
948 2795 1150 2848 Clitomachum
1169 2802 1250 2851 eaden

168 2868 258 2917 dicere
277 2877 302 2914 et
327 2865 494 2915 Carneadem.
539 2864 697 2913 Carneadem
712 2874 801 2912 autem
817 2867 927 2932 quodam
946 2866 1027 2915 etiam
1047 2869 1133 2918 modo
1161 2870 1250 2921 dicere

171 2935 224 2987 Or.
238 2961 272 2972 -
289 2932 466 2983 Charmadam
486 2933 541 2983 Me.
560 2933 589 2982 in
607 2930 683 2982 notis
703 2932 865 2984 Camerarii.
901 2932 956 2984 Hic
975 2932 1056 2985 locus
1075 2949 1143 2988 nou
1163 2945 1251 2990 muta-

169 3003 248 3057 tione
260 3000 384 3069 indiget,
402 3001 450 3052 aad
465 3000 649 3069 explicatione
661 3000 711 3051 rei.
738 3000 897 3053 Carneadea
906 3009 1010 3065 orator,
1021 3002 1058 3054 de
1071 3020 1136 3072 quo
1151 3006 1251 3060 multat

172 3082 214 3127 eet
234 3072 265 3123 in
281 3070 360 3122 libris
381 3071 438 3122 suis
461 3071 575 3136 Cicero,
609 3069 651 3121 eia
678 3071 852 3138 comparavit
872 3088 968 3124 sectam
991 3071 1253 3129 Clitomachumet

171 3140 373 3207 Charmadam,
390 3139 533 3192 attditcree
549 3155 632 3204 succ,
651 3139 811 3206 utdiceret,
831 3138 1040 3193 Clitomachum
1051 3157 1150 3211 aeque
1165 3147 1253 3199 calere

170 3221 255 3282 atque
285 3220 374 3263 temet
403 3211 496 3280 ipsum
521 3209 551 3261 in
576 3209 659 3260 rebus
687 3207 906 3277 philosophicis:
945 3208 1141 3264 Charmadam
1162 3224 1253 3267 cutem

171 3297 230 3333 aton
254 3282 347 3333 tolum
368 3279 499 3332 acumine
521 3277 629 3347 ingenii
655 3285 684 3329 et
711 3278 875 3346 sagacitate,
902 3279 951 3331 eed
979 3279 1154 3348 eloquentia
1173 3282 1253 3336 etiam

170 3349 300 3420 proxime
312 3351 346 3400 cd
364 3365 393 3400 ee
406 3349 501 3416 ipsum
515 3347 657 3400 accedere.
690 3347 741 3398 Vel
756 3347 817 3398 aliia
826 3347 932 3399 verbis:
952 3348 1157 3404 Clitomachua
1170 3368 1254 3420 aeque

171 3405 291 3485 magnus
301 3417 484 3487 philatcphus
496 3427 538 3468 eet
551 3426 711 3485 atqueegc:
731 3415 803 3468 alter
816 3433 861 3468 me
875 3416 967 3486 iprum
983 3416 1053 3469 etin
1066 3417 1254 3492 philocophie

173 3499 201 3542 et
215 3491 244 3540 iu
263 3488 423 3554 eloquentia
434 3485 568 3538 imitatur.
604 3491 663 3538 llce
676 3486 762 3536 latere
775 3485 886 3538 videtur
901 3487 929 3538 in
945 3486 995 3538 illc
1011 3489 1083 3539 scito
1100 3488 1254 3544 Carneadia

172 3559 260 3612 dicto.
297 3557 488 3608 confirmatur
502 3567 596 3607 autem
612 3555 680 3606 haec
693 3554 846 3607 verborum
864 3555 1013 3626 explicatio
1029 3572 1120 3627 quam
1135 3561 1254 3614 maxime

171 3644 205 3679 ert
226 3627 355 3678 alaudem.
381 3626 504 3692 Ciolv,
524 3626 549 3679 6.
584 3627 664 3688 „Sed
684 3626 738 3693 ipae
760 3626 957 3677 Carneadea
978 3628 1025 3676 diu
1045 3630 1156 3693 tenuit,
1186 3631 1254 3696 (nam

171 3699 318 3765 nonaginta
333 3698 401 3744 vixit
422 3697 519 3762 annae)
534 3707 559 3745 et
580 3697 640 3763 qui
661 3693 762 3745 ilium
784 3696 991 3761 audierant,
1010 3696 1159 3748 admodum
1169 3699 1253 3767 flora-

173 3777 262 3815 erunt:
282 3768 401 3834 equidm
425 3767 636 3814 induceriae
657 3763 848 3832 plurimum
873 3765 910 3813 in
933 3765 1253 3837 Clitomachcsuit;

171 3833 304 3902 (deducat
317 3833 455 3884 reiecititudc
470 3833 604 3901 librorum)
622 3834 759 3902 ingenii
777 3851 840 3881 non
859 3833 966 3882 minue
982 3835 1014 3883 in
1030 3831 1068 3882 ha
1079 3850 1095 3882 e
1120 3835 1253 3889 homine

172 3906 314 3972 qreamirt
333 3902 527 3953 Charmada
543 3901 798 3971 eloquentiae.“
816 3900 1021 3969 deOrut.I,ll·
1040 3903 1175 3966 „Audivi
1191 3909 1252 3957 enim

172 3991 284 4022 eumnroe
316 3973 442 4031 hominen,
477 3992 555 4040 pteram
579 3984 703 4040 quaeetcr
722 3989 756 4019 ex
776 3971 941 4021 Macedonia
964 3972 1092 4021 venieeem
1120 3975 1252 4034 Athenae,

165 4040 280 4117 florenta
297 4042 440 4095 Academia
462 4054 491 4090 ut
512 4042 667 4109 temporibus
690 4037 746 4089 illie
764 4037 922 4106 serebatur,
962 4042 1031 4106 quod
1056 4057 1119 4091 eam
1150 4046 1252 4096 Char-

172 4113 294 4160 madae
322 4122 353 4160 et
384 4109 623 4161 Clitcrnachue
649 4121 674 4158 et
698 4108 843 4157 Aeechinee
866 4108 1026 4158 obtinehcnt.
1068 4109 1147 4161 Erat
1175 4117 1253 4163 mian

173 4181 355 4244 Metrodoruc,
387 4182 523 4247 quicum
554 4178 634 4230 illie
668 4194 735 4226 una
761 4177 873 4244 iprum
901 4176 1006 4228 illum
1036 4179 1252 4233 Carneaden

172 4250 328 4320 diligentiae
355 4249 598 4300 audierat.‘⁴
653 4244 763 4316 Quihut
792 4242 863 4297 locie
893 4244 979 4300 timul
1003 4256 1142 4318 apparet,
1174 4251 1253 4305 audi·
