2692 5018
431 261 759 325 nrrsruur
1041 348 1043 353 Α
1088 264 1134 322 m

137 446 264 515 partum
287 430 442 510 aimanor,
462 452 556 513 quam
576 433 670 494 mtrm
683 432 831 514 placuisse
843 432 966 496 Orellia.
1008 435 1134 495 Senten-

142 547 182 602 tia
203 565 242 604 ea
265 551 318 617 est,
341 560 430 622 quam
452 549 486 599 tu
507 542 647 603 voluistis
672 542 785 602 Omnia
806 540 881 599 daea
898 524 1134 602 satis'uudaeter

66 688 69 692 ι
142 650 373 730 tranq‘eruntur
398 646 471 731 [vel
490 648 595 727 fiunt:
631 663 707 729 quae
735 647 853 728 ellipsis
880 649 1047 710 admodum
1072 649 1133 709 sre-

142 749 333 842 quens.,est.]
355 752 409 813 aad
423 763 484 818 atu

56 923 129 1001 Cap.
145 927 198 986 27.
219 916 250 1000 9
271 925 324 984 92.
355 917 473 980 mallem
501 915 675 979 retinulsres
702 918 861 980 lectionem
889 919 1071 990 Immututa,
1099 921 1133 971 ut

143 1046 220 1107 quae
241 1025 410 1085 firmaretur
441 1024 528 1084 etiam
556 1022 675 1085 duobus
699 1027 779 1087 MSS.
811 1024 906 1085 codd.
931 1024 1039 1104 quibus
1060 1004 1134 1081 ute-

142 1133 235 1192 batur
256 1131 449 1209 Goerenzius,
473 1151 561 1210 quem
584 1133 656 1192 vida
679 1131 717 1190 ad
733 1132 769 1191 V.
784 1132 821 1190 de
838 1132 903 1196 Fin.
924 1137 974 1207 29,
993 1136 1045 1201 88.
1066 1146 1134 1208 pag.

15 1218 18 1223 ¹
144 1245 215 1305 642.
238 1238 274 1297 de
295 1236 354 1296 hoc
376 1237 471 1297 verbo
487 1238 697 1318 disputantem.
735 1239 929 1314 Quinctiliani
946 1238 1026 1309 loco,
1044 1254 1134 1312 quem

146 1346 242 1421 affers,
272 1362 379 1423 parum
414 1344 563 1410 iuvamur.
585 1381 628 1395 ·-
663 1346 744 1407 ldam
776 1365 863 1424 quam
894 1345 985 1403 niodo
1010 1337 1134 1404 laudavi

144 1451 339 1528 Goerenzius,
362 1450 415 1530 (ad
439 1452 531 1515 Acad.
555 1452 593 1530 ll,
617 1452 665 1530 15,
687 1456 739 1520 47.
763 1451 800 1510 ad
824 1451 859 1512 ll.
883 1450 920 1510 de
938 1451 1006 1509 uin.
1032 1453 1062 1522 9,
1083 1451 1133 1512 26·

10 1614 13 1639 ,
141 1580 211 1640 pag.
237 1561 307 1634 159,
330 1562 372 1634 a.)
401 1559 507 1619 merito
536 1559 702 1621 adsentitur
731 1559 881 1638 Purgoldo
904 1558 941 1616 de
962 1556 1023 1619 his:
1045 1556 1135 1613 euius

10 1716 20 1728 .
144 1669 246 1725 oratio
272 1682 346 1723 arun
367 1660 471 1722 sedate
484 1666 670 1747 placideque
694 1667 817 1728 labitur.
863 1665 961 1739 Quam
988 1664 1134 1729 rationem

10 1784 20 1844 Ε
143 1774 242 1833 fateor
264 1771 335 1832 mihi
360 1792 480 1854 quaque
500 1774 587 1853 longe
609 1771 708 1854 magis¹
722 1773 856 1855 probari.

10 1916 21 1965 l
61 1915 136 1996 Cap.
159 1913 253 1975 eiusd.
276 1911 306 1996 §
324 1915 381 1981 ¹95.
398 1914 486 1974 latae
506 1914 704 1996 eruditaeque
729 1912 808 1994 disp.
850 1913 894 1975 Cf.
915 1911 1071 1994 Spalding.
1096 1908 1134 1970 ad
1190 1906 1194 1919 '

10 2014 21 2060 ¹
141 2021 286 2097 Quinctil.
303 2021 340 2099 V,
366 2025 415 2098 14,
436 2027 489 2088 88·
695 2032 698 2037 '

10 2131 23 2277 ἰ
60 2165 131 2247 Cap.
155 2167 206 2231 28.
229 2160 248 2245 §
279 2164 330 2227 97.
354 2165 444 2222 euius
470 2173 615 2223 ornatum
640 2158 769 2251 (licendi.
817 2158 910 2227 Erant
939 2160 990 2240 qui
1019 2159 1135 2219 omitte-

143 2279 212 2331 rent
233 2266 369 2344 dicendi3
392 2270 445 2329 sed
467 2289 522 2328 eur
544 2268 705 2346 omiserint,
726 2270 848 2330 videtur
866 2288 1013 2350 apparere
1032 2287 1068 2327 ex
1087 2267 1134 2344 iis,

147 2395 224 2454 quae
245 2374 324 2434 dimit
344 2377 527 2436 Goerenzius
551 2374 588 2434 ad
611 2371 634 2434 Ι.
656 2374 747 2438 Aead.
763 2380 793 2453 5,
815 2383 865 2442 17.
887 2397 955 2457 pag.
968 2378 1019 2442 29.

144 2612 240 2669 supra
261 2588 346 2647 dieta
367 2601 440 2648 sunt
461 2589 621 2668 legendum
641 2597 755 2670 putem.
801 2590 845 2652 Cf.
869 2590 1014 2651 Goerenz.
1039 2588 1076 2649 ad
1098 2589 1135 2648 ll.

146 2697 183 2757 de
205 2696 269 2755 rin.
289 2702 343 2775 28,
358 2702 409 2762 93.
432 2716 501 2777 pag.
518 2701 592 2773 261,
608 2717 635 2756 a.

10 2347 23 2384 ι

10 2452 24 2598 ἶ
61 2482 203 2564 133919,
226 2479 342 2564 9134.
380 2482 411 2541 in
442 2505 475 2543 ea
505 2499 572 2539 sum
596 2482 740 2540 sententia
777 2493 810 2543 ut
839 2503 880 2542 ex
907 2484 1027 2564 ipris,
1058 2502 1137 2562 quae

10 2650 21 2706 l

10 2777 19 2815 a

10 2882 17 2923 t
61 2860 137 2938 Cap.
151 2861 201 2923 39.
224 2853 344 2936 9185.
367 2856 456 2916 unice
477 2869 582 2916 verum
605 2863 650 2914 ert
669 2855 751 2934 quod
765 2830 914 2916 retinuiiti
929 2862 1135 2938 nosmetipsos.

10 2989 14 3026 ι
146 2965 220 3023 Nam
242 3006 262 3038 „
271 2964 386 3027 Cicero.
407 2961 461 3021 ubi
482 2983 649 3042 prunorum.
679 2984 748 3042 ego,
772 2972 821 3038 tu,
846 2964 896 3020 sui
917 2967 1034 3025 casibus
1058 2968 1136 3026 obli-

149 3068 243 3147 „quis
272 3089 340 3127 cum
368 3081 425 3128 met
447 3070 596 3150 copulatis
617 3090 704 3149 prou.
733 3072 797 3148 ipse
817 3069 916 3148 addit,
938 3070 997 3132 hoc
1019 3095 1136 3153 semper

147 3174 280 3251 „eodem
301 3194 374 3233 cusu
394 3176 488 3254 pouit,
512 3196 572 3255 quo
586 3187 700 3252 memet,
721 3188 820 3252 semet,
842 3197 899 3237 nee
913 3197 1040 3257 usquam
1054 3180 1136 3259 apud

147 3280 236 3358 „cie
260 3292 365 3339 memet
385 3284 450 3359 ipae
469 3283 597 3361 legitur,
620 3284 679 3343 nisi
702 3303 718 3340 e
740 3284 926 3344 correctione
947 3288 1064 3346 Ernest.
1089 3287 1136 3347 vel

147 3390 317 3468 „aliorum,
339 3399 375 3447 ut
398 3389 451 3448 Or.
475 3393 527 3465 89,
552 3391 622 3455 135.
665 3390 786 3448 Erravit
806 3391 838 3448 in
858 3389 917 3450 hoc
939 3395 1026 3452 etiam
1048 3394 1136 3454 Beier

147 3497 211 3575 „ad
233 3496 295 3556 (tic.
317 3495 377 3557 Off.
399 3495 421 3556 Ι.
444 3514 511 3574 pag.
529 3502 601 3564 246.
648 3498 711 3557 Nec
733 3498 848 3558 ratione
871 3507 953 3559 caret
974 3499 1026 3559 ille
1047 3521 1137 3561 usus:

146 3624 241 3680 „nam
280 3601 381 3662 addita
412 3603 620 3664 terminatione
649 3615 708 3663 met
742 3605 788 3664 vis
817 3612 862 3664 est
888 3605 919 3664 iu
949 3610 1135 3688 pronomina.

147 3710 269 3786 „Aliter
301 3709 421 3775 Sallust.
451 3711 518 3774 Liv.
545 3711 626 3772 alii.“
662 3709 779 3772 matth.
803 3709 842 3770 ad
871 3723 946 3774 orat.
967 3735 1026 3795 pra
1056 3715 1136 3807 idua.

149 3837 212 3895 cap.
225 3823 255 3883 8.
276 3837 324 3896 pr.

63 3956 137 4036 Cap.
154 3958 206 4023 61.
229 3955 348 4036 §.172
371 3977 440 4018 sane
464 3957 556 4037 magis
578 3953 736 4038 probarem
759 3977 990 4036 quanquam-
1004 3982 1065 4019 ease
1086 3959 1138 4020 de-

149 4063 227 4137 bent,
250 4081 338 4141 quam
360 4064 442 4144 quod
458 4065 523 4123 aliis
538 4063 636 4124 visum
649 4062 706 4124 tuit
721 4084 899 4143 quanquam
912 4100 954 4113 -
968 4090 1029 4125 esse
1050 4063 1136 4125 debe-

149 4171 231 4230 bant.
274 4169 332 4230 Sed
354 4192 414 4231 uon
435 4172 525 4232 video
547 4180 662 4250 tamen,
686 4169 910 4235 coniunctivum
932 4171 1057 4233 debeant
1078 4182 1136 4233 'cur
