<?xml version="1.0" encoding="UTF-8"?>
<!DOCTYPE html PUBLIC "-//W3C//DTD XHTML 1.0 Transitional//EN"
    "http://www.w3.org/TR/xhtml1/DTD/xhtml1-transitional.dtd">
<html xmlns="http://www.w3.org/1999/xhtml" xml:lang="en" lang="en">
 <head>
  <title>
</title>
<meta http-equiv="Content-Type" content="text/html;charset=utf-8" />
  <meta name='ocr-system' content='tesseract 3.04.00' />
  <meta name='ocr-capabilities' content='ocr_page ocr_carea ocr_par ocr_line ocrx_word'/>
</head>
<body>
  <div class='ocr_page' id='page_1' title='image "./mtulliiciceroni00cicegoog_0051.png"; bbox 0 0 2692 5018; ppageno 0'>
   <div class='ocr_carea' id='block_1_1' title="bbox 194 253 848 339">
    <p class='ocr_par' dir='ltr' id='par_1_1' title="bbox 194 233 1032 339">
     <span class='ocr_line' id='line_1_1' title="bbox 194 253 848 339; baseline -0.001 -15"><span class='ocrx_word' id='word_1_1' title='bbox 194 271 238 339; x_wconf 76' lang='lat'><strong>24</strong></span> <span class='ocrx_word' id='word_1_2' title='bbox 321 256 329 264; x_wconf 80' lang='grc'><em>·</em></span> <span class='ocrx_word' id='word_1_3' title='bbox 626 253 848 325; x_wconf 78' lang='lat' dir='ltr'><strong>ouaroa</strong></span> 
     </span>
    </p>
   </div>
   <div class='ocr_carea' id='block_1_2' title="bbox 96 403 1328 2033">
    <p class='ocr_par' dir='ltr' id='par_1_2' title="bbox 197 403 1291 704">
     <span class='ocr_line' id='line_1_2' title="bbox 197 403 1289 500; baseline -0.013 -12"><span class='ocrx_word' id='word_1_4' title='bbox 197 417 398 488; x_wconf 83' lang='lat' dir='ltr'><strong>Theodorus</strong></span> <span class='ocrx_word' id='word_1_5' title='bbox 420 413 534 480; x_wconf 73' lang='lat' dir='ltr'><strong>iutem</strong></span> <span class='ocrx_word' id='word_1_6' title='bbox 562 410 784 500; x_wconf 80' lang='lat' dir='ltr'><strong>praefractior</strong></span> <span class='ocrx_word' id='word_1_7' title='bbox 810 432 873 476; x_wconf 85' lang='lat' dir='ltr'><strong>nec</strong></span> <span class='ocrx_word' id='word_1_8' title='bbox 894 408 972 474; x_wconf 85' lang='lat' dir='ltr'><strong>satis</strong></span> <span class='ocrx_word' id='word_1_9' title='bbox 998 409 1058 492; x_wconf 88' lang='lat' dir='ltr'><strong>(ut</strong></span> <span class='ocrx_word' id='word_1_10' title='bbox 1082 404 1137 473; x_wconf 84' lang='lat' dir='ltr'><strong>ita</strong></span> <span class='ocrx_word' id='word_1_11' title='bbox 1159 403 1289 494; x_wconf 84' lang='lat' dir='ltr'><strong>dicam)</strong></span> 
     </span>
     <span class='ocr_line' id='line_1_3' title="bbox 197 509 1290 603; baseline -0.013 -13"><span class='ocrx_word' id='word_1_12' title='bbox 197 519 384 590; x_wconf 77' lang='lat' dir='ltr'><strong>rotundus:</strong></span> <span class='ocrx_word' id='word_1_13' title='bbox 405 515 536 603; x_wconf 89' lang='lat' dir='ltr'><strong>primus</strong></span> <span class='ocrx_word' id='word_1_14' title='bbox 550 514 693 581; x_wconf 80' lang='lat' dir='ltr'><strong>instituit</strong></span> <span class='ocrx_word' id='word_1_15' title='bbox 715 515 856 580; x_wconf 87' lang='lat' dir='ltr'><strong>dilatare</strong></span> <span class='ocrx_word' id='word_1_16' title='bbox 874 511 984 576; x_wconf 88' lang='lat' dir='ltr'><strong>verbis</strong></span> <span class='ocrx_word' id='word_1_17' title='bbox 1010 523 1044 577; x_wconf 91' lang='lat' dir='ltr'><strong>et</strong></span> <span class='ocrx_word' id='word_1_18' title='bbox 1070 509 1290 576; x_wconf 70' lang='lat' dir='ltr'><strong>mollioribus</strong></span> 
     </span>
     <span class='ocr_line' id='line_1_4' title="bbox 198 613 1291 704; baseline -0.012 -13"><span class='ocrx_word' id='word_1_19' title='bbox 198 619 351 690; x_wconf 87' lang='lat' dir='ltr'><strong>numeris</strong></span> <span class='ocrx_word' id='word_1_20' title='bbox 382 617 518 704; x_wconf 85' lang='lat' dir='ltr'><strong>explere</strong></span> <span class='ocrx_word' id='word_1_21' title='bbox 547 617 738 682; x_wconf 78' lang='lat' dir='ltr'><strong>sententias.</strong></span> <span class='ocrx_word' id='word_1_22' title='bbox 787 618 826 682; x_wconf 91' lang='lat' dir='ltr'><strong>In</strong></span> <span class='ocrx_word' id='word_1_23' title='bbox 856 636 922 700; x_wconf 90' lang='lat' dir='ltr'><strong>quo</strong></span> <span class='ocrx_word' id='word_1_24' title='bbox 952 633 1031 678; x_wconf 91' lang='lat' dir='ltr'><strong>cum</strong></span> <span class='ocrx_word' id='word_1_25' title='bbox 1055 613 1204 682; x_wconf 84' lang='lat' dir='ltr'><strong>doceret</strong></span> <span class='ocrx_word' id='word_1_26' title='bbox 1226 636 1291 695; x_wconf 84' lang='lat' dir='ltr'><strong>eos,</strong></span> 
     </span>
    </p>

    <p class='ocr_par' dir='ltr' id='par_1_3' title="bbox 200 713 1291 904">
     <span class='ocr_line' id='line_1_5' title="bbox 200 713 1291 812; baseline -0.009 -23"><span class='ocrx_word' id='word_1_27' title='bbox 200 725 258 812; x_wconf 86' lang='lat' dir='ltr'><strong>qui</strong></span> <span class='ocrx_word' id='word_1_28' title='bbox 282 718 404 807; x_wconf 87' lang='lat' dir='ltr'><strong>partim</strong></span> <span class='ocrx_word' id='word_1_29' title='bbox 435 719 470 784; x_wconf 90' lang='lat' dir='ltr'><strong>in</strong></span> <span class='ocrx_word' id='word_1_30' title='bbox 492 717 655 793; x_wconf 88' lang='lat' dir='ltr'><strong>dicendo,</strong></span> <span class='ocrx_word' id='word_1_31' title='bbox 693 717 817 807; x_wconf 89' lang='lat' dir='ltr'><strong>partim</strong></span> <span class='ocrx_word' id='word_1_32' title='bbox 848 717 884 781; x_wconf 90' lang='lat' dir='ltr'><strong>in</strong></span> <span class='ocrx_word' id='word_1_33' title='bbox 910 715 1086 795; x_wconf 83' lang='lat' dir='ltr'><strong>scribendo</strong></span> <span class='ocrx_word' id='word_1_34' title='bbox 1113 713 1291 804; x_wconf 71' lang='lat' dir='ltr'><strong>principes</strong></span> 
     </span>
     <span class='ocr_line' id='line_1_6' title="bbox 201 816 1291 904; baseline -0.009 -12"><span class='ocrx_word' id='word_1_35' title='bbox 201 824 405 895; x_wconf 83' lang='lat' dir='ltr'><strong>extiterunt,</strong></span> <span class='ocrx_word' id='word_1_36' title='bbox 445 819 565 886; x_wconf 83' lang='lat' dir='ltr'><strong>domus</strong></span> <span class='ocrx_word' id='word_1_37' title='bbox 596 821 667 886; x_wconf 86' lang='lat' dir='ltr'><strong>eius</strong></span> <span class='ocrx_word' id='word_1_38' title='bbox 695 819 826 886; x_wconf 88' lang='lat' dir='ltr'><strong>officina</strong></span> <span class='ocrx_word' id='word_1_39' title='bbox 853 817 969 883; x_wconf 84' lang='lat' dir='ltr'><strong>habita</strong></span> <span class='ocrx_word' id='word_1_40' title='bbox 989 816 1211 904; x_wconf 80' lang='lat' dir='ltr'><strong>eloquentiae</strong></span> <span class='ocrx_word' id='word_1_41' title='bbox 1234 828 1291 882; x_wconf 84' lang='lat' dir='ltr'><strong>eat·</strong></span> 
     </span>
    </p>

    <p class='ocr_par' dir='ltr' id='par_1_4' title="bbox 148 919 1296 1117">
     <span class='ocr_line' id='line_1_7' title="bbox 148 919 1293 1014; baseline -0.006 -21"><span class='ocrx_word' id='word_1_42' title='bbox 148 933 181 993; x_wconf 82' lang='grc'><strong>11</strong></span> <span class='ocrx_word' id='word_1_43' title='bbox 202 930 320 1014; x_wconf 87' lang='lat' dir='ltr'><strong>ltaque</strong></span> <span class='ocrx_word' id='word_1_44' title='bbox 341 933 379 988; x_wconf 91' lang='lat' dir='ltr'><strong>ut</strong></span> <span class='ocrx_word' id='word_1_45' title='bbox 401 941 480 1008; x_wconf 88' lang='lat' dir='ltr'><strong>ego,</strong></span> <span class='ocrx_word' id='word_1_46' title='bbox 514 945 591 988; x_wconf 92' lang='lat' dir='ltr'><strong>cum</strong></span> <span class='ocrx_word' id='word_1_47' title='bbox 611 946 631 989; x_wconf 89' lang='lat' dir='ltr'><strong>a</strong></span> <span class='ocrx_word' id='word_1_48' title='bbox 652 935 769 988; x_wconf 85' lang='lat' dir='ltr'><strong>nostro</strong></span> <span class='ocrx_word' id='word_1_49' title='bbox 791 922 921 988; x_wconf 87' lang='lat' dir='ltr'><strong>Catone</strong></span> <span class='ocrx_word' id='word_1_50' title='bbox 939 919 1122 1000; x_wconf 86' lang='lat' dir='ltr'><strong>laudabar,</strong></span> <span class='ocrx_word' id='word_1_51' title='bbox 1155 921 1219 986; x_wconf 86' lang='lat' dir='ltr'><strong>vel</strong></span> <span class='ocrx_word' id='word_1_52' title='bbox 1240 941 1293 986; x_wconf 89' lang='lat' dir='ltr'><strong>re·</strong></span> 
     </span>
     <span class='ocr_line' id='line_1_8' title="bbox 202 1021 1296 1117; baseline -0.006 -23"><span class='ocrx_word' id='word_1_53' title='bbox 202 1022 368 1117; x_wconf 83' lang='lat' dir='ltr'><strong>prehendi</strong></span> <span class='ocrx_word' id='word_1_54' title='bbox 389 1044 445 1088; x_wconf 86' lang='lat' dir='ltr'><strong>me</strong></span> <span class='ocrx_word' id='word_1_55' title='bbox 466 1045 487 1088; x_wconf 87' lang='lat' dir='ltr'><strong>a</strong></span> <span class='ocrx_word' id='word_1_56' title='bbox 508 1024 625 1089; x_wconf 85' lang='lat' dir='ltr'><strong>ceteris</strong></span> <span class='ocrx_word' id='word_1_57' title='bbox 643 1023 743 1091; x_wconf 84' lang='lat' dir='ltr'><strong>facile</strong></span> <span class='ocrx_word' id='word_1_58' title='bbox 763 1023 921 1113; x_wconf 84' lang='lat' dir='ltr'><strong>patiebar,</strong></span> <span class='ocrx_word' id='word_1_59' title='bbox 943 1023 990 1088; x_wconf 85' lang='lat' dir='ltr'><strong>sic</strong></span> <span class='ocrx_word' id='word_1_60' title='bbox 1010 1024 1180 1090; x_wconf 82' lang='lat' dir='ltr'><strong>Isocrates</strong></span> <span class='ocrx_word' id='word_1_61' title='bbox 1205 1021 1296 1088; x_wconf 80' lang='lat' dir='ltr'><strong>vide.</strong></span> 
     </span>
    </p>

    <p class='ocr_par' dir='ltr' id='par_1_5' title="bbox 203 1125 1295 1196">
     <span class='ocr_line' id='line_1_9' title="bbox 203 1125 1295 1196; baseline -0.004 0"><span class='ocrx_word' id='word_1_62' title='bbox 203 1143 263 1196; x_wconf 88' lang='lat' dir='ltr'><strong>tur</strong></span> <span class='ocrx_word' id='word_1_63' title='bbox 283 1125 474 1193; x_wconf 84' lang='lat' dir='ltr'><strong>testimonio</strong></span> <span class='ocrx_word' id='word_1_64' title='bbox 496 1126 643 1193; x_wconf 79' lang='lat' dir='ltr'><strong>Platonis</strong></span> <span class='ocrx_word' id='word_1_65' title='bbox 672 1126 816 1193; x_wconf 86' lang='lat' dir='ltr'><strong>aliorum</strong></span> <span class='ocrx_word' id='word_1_66' title='bbox 842 1125 965 1190; x_wconf 82' lang='lat' dir='ltr'><strong>indicia</strong></span> <span class='ocrx_word' id='word_1_67' title='bbox 987 1125 1111 1191; x_wconf 87' lang='lat' dir='ltr'><strong>debere</strong></span> <span class='ocrx_word' id='word_1_68' title='bbox 1131 1137 1295 1192; x_wconf 85' lang='lat' dir='ltr'><strong>contem-</strong></span> 
     </span>
    </p>

    <p class='ocr_par' dir='ltr' id='par_1_6' title="bbox 96 1226 1297 1621">
     <span class='ocr_line' id='line_1_10' title="bbox 96 1226 1297 1315; baseline -0.005 -17"><span class='ocrx_word' id='word_1_69' title='bbox 96 1305 98 1309; x_wconf 9' lang='lat'><strong><em>?</em></strong></span> <span class='ocrx_word' id='word_1_70' title='bbox 204 1254 299 1299; x_wconf 85' lang='lat' dir='ltr'><strong>nere.</strong></span> <span class='ocrx_word' id='word_1_71' title='bbox 343 1230 403 1296; x_wconf 84' lang='lat' dir='ltr'><strong>Est</strong></span> <span class='ocrx_word' id='word_1_72' title='bbox 425 1227 516 1292; x_wconf 90' lang='lat' dir='ltr'><strong>enim</strong></span> <span class='ocrx_word' id='word_1_73' title='bbox 538 1227 590 1314; x_wconf 90' lang='lat' dir='ltr'><strong>(ut</strong></span> <span class='ocrx_word' id='word_1_74' title='bbox 607 1226 683 1309; x_wconf 86' lang='lat' dir='ltr'><strong>scis)</strong></span> <span class='ocrx_word' id='word_1_75' title='bbox 704 1228 799 1312; x_wconf 85' lang='lat' dir='ltr'><strong>quasi</strong></span> <span class='ocrx_word' id='word_1_76' title='bbox 822 1230 856 1294; x_wconf 90' lang='lat' dir='ltr'><strong>in</strong></span> <span class='ocrx_word' id='word_1_77' title='bbox 869 1239 1022 1293; x_wconf 82' lang='lat' dir='ltr'><strong>extrema</strong></span> <span class='ocrx_word' id='word_1_78' title='bbox 1035 1227 1164 1315; x_wconf 82' lang='lat' dir='ltr'><strong>pagina</strong></span> <span class='ocrx_word' id='word_1_79' title='bbox 1179 1227 1297 1295; x_wconf 87' lang='lat' dir='ltr'><strong>Phae-</strong></span> 
     </span>
     <span class='ocr_line' id='line_1_11' title="bbox 206 1328 1296 1418; baseline -0.003 -19"><span class='ocrx_word' id='word_1_80' title='bbox 206 1333 259 1400; x_wconf 88' lang='lat' dir='ltr'><strong>dri</strong></span> <span class='ocrx_word' id='word_1_81' title='bbox 280 1330 331 1397; x_wconf 86' lang='lat' dir='ltr'><strong>his</strong></span> <span class='ocrx_word' id='word_1_82' title='bbox 352 1329 432 1418; x_wconf 75' lang='lat' dir='ltr'><strong>ipsis</strong></span> <span class='ocrx_word' id='word_1_83' title='bbox 448 1330 563 1395; x_wconf 83' lang='lat' dir='ltr'><strong>verbis</strong></span> <span class='ocrx_word' id='word_1_84' title='bbox 580 1331 720 1414; x_wconf 82' lang='lat' dir='ltr'><strong>loquens</strong></span> <span class='ocrx_word' id='word_1_85' title='bbox 734 1328 898 1398; x_wconf 86' lang='lat' dir='ltr'><strong>Socrates.</strong></span> <span class='ocrx_word' id='word_1_86' title='bbox 943 1329 1172 1412; x_wconf 82' lang='lat' dir='ltr'><strong>„Adolescens</strong></span> <span class='ocrx_word' id='word_1_87' title='bbox 1192 1330 1296 1396; x_wconf 84' lang='lat' dir='ltr'><strong>etism</strong></span> 
     </span>
     <span class='ocr_line' id='line_1_12' title="bbox 205 1430 1297 1519; baseline -0.002 -17"><span class='ocrx_word' id='word_1_88' title='bbox 205 1456 335 1519; x_wconf 88' lang='lat' dir='ltr'><strong>,‚nnnc,</strong></span> <span class='ocrx_word' id='word_1_89' title='bbox 357 1456 378 1497; x_wconf 92' lang='lat' dir='ltr'><strong>o</strong></span> <span class='ocrx_word' id='word_1_90' title='bbox 398 1430 560 1510; x_wconf 88' lang='lat' dir='ltr'><strong>Phaedre,</strong></span> <span class='ocrx_word' id='word_1_91' title='bbox 581 1435 736 1500; x_wconf 80' lang='lat' dir='ltr'><strong>Isocrates</strong></span> <span class='ocrx_word' id='word_1_92' title='bbox 758 1442 824 1498; x_wconf 86' lang='lat' dir='ltr'><strong>est:</strong></span> <span class='ocrx_word' id='word_1_93' title='bbox 847 1432 905 1497; x_wconf 81' lang='lat' dir='ltr'><strong>aed</strong></span> <span class='ocrx_word' id='word_1_94' title='bbox 927 1433 1006 1518; x_wconf 91' lang='lat' dir='ltr'><strong>quid</strong></span> <span class='ocrx_word' id='word_1_95' title='bbox 1030 1432 1072 1499; x_wconf 90' lang='lat' dir='ltr'><strong>de</strong></span> <span class='ocrx_word' id='word_1_96' title='bbox 1092 1433 1158 1498; x_wconf 91' lang='lat' dir='ltr'><strong>illo</strong></span> <span class='ocrx_word' id='word_1_97' title='bbox 1183 1454 1297 1516; x_wconf 85' lang='lat' dir='ltr'><strong>augn-</strong></span> 
     </span>
     <span class='ocr_line' id='line_1_13' title="bbox 208 1532 1296 1621; baseline -0.006 -17"><span class='ocrx_word' id='word_1_98' title='bbox 208 1562 306 1619; x_wconf 81' lang='lat' dir='ltr'><strong>„rer‚</strong></span> <span class='ocrx_word' id='word_1_99' title='bbox 329 1534 423 1602; x_wconf 88' lang='lat' dir='ltr'><strong>lubet</strong></span> <span class='ocrx_word' id='word_1_100' title='bbox 444 1532 563 1601; x_wconf 88' lang='lat' dir='ltr'><strong>dicere.</strong></span> <span class='ocrx_word' id='word_1_101' title='bbox 608 1532 702 1621; x_wconf 88' lang='lat' dir='ltr'><strong>Quid</strong></span> <span class='ocrx_word' id='word_1_102' title='bbox 724 1534 885 1598; x_wconf 68' lang='lat' dir='ltr'><strong>tandem?</strong></span> <span class='ocrx_word' id='word_1_103' title='bbox 913 1533 1024 1621; x_wconf 90' lang='lat' dir='ltr'><strong>inquit</strong></span> <span class='ocrx_word' id='word_1_104' title='bbox 1044 1536 1113 1601; x_wconf 93' lang='lat' dir='ltr'><strong>ille.</strong></span> <span class='ocrx_word' id='word_1_105' title='bbox 1160 1536 1296 1602; x_wconf 86' lang='lat' dir='ltr'><strong>Maiore</strong></span> 
     </span>
    </p>

    <p class='ocr_par' dir='ltr' id='par_1_7' title="bbox 109 1635 1328 2033">
     <span class='ocr_line' id='line_1_14' title="bbox 109 1635 1296 1724; baseline -0.002 -19"><span class='ocrx_word' id='word_1_106' title='bbox 109 1682 113 1688; x_wconf 91' lang='lat'><em>·</em></span> <span class='ocrx_word' id='word_1_107' title='bbox 208 1637 315 1721; x_wconf 86' lang='lat' dir='ltr'><strong>„mihi</strong></span> <span class='ocrx_word' id='word_1_108' title='bbox 336 1635 472 1724; x_wconf 85' lang='lat' dir='ltr'><strong>ingenio</strong></span> <span class='ocrx_word' id='word_1_109' title='bbox 496 1635 634 1703; x_wconf 86' lang='lat' dir='ltr'><strong>videtur</strong></span> <span class='ocrx_word' id='word_1_110' title='bbox 655 1656 744 1715; x_wconf 82' lang='lat' dir='ltr'><strong>esse,</strong></span> <span class='ocrx_word' id='word_1_111' title='bbox 780 1656 880 1720; x_wconf 88' lang='lat' dir='ltr'><strong>quam</strong></span> <span class='ocrx_word' id='word_1_112' title='bbox 912 1648 950 1701; x_wconf 89' lang='lat' dir='ltr'><strong>ut</strong></span> <span class='ocrx_word' id='word_1_113' title='bbox 978 1659 1054 1703; x_wconf 90' lang='lat' dir='ltr'><strong>cum</strong></span> <span class='ocrx_word' id='word_1_114' title='bbox 1077 1636 1296 1703; x_wconf 85' lang='lat' dir='ltr'><strong>orationibus</strong></span> 
     </span>
     <span class='ocr_line' id='line_1_15' title="bbox 209 1736 1298 1828; baseline -0.004 -21"><span class='ocrx_word' id='word_1_115' title='bbox 209 1739 351 1828; x_wconf 80' lang='lat' dir='ltr'><strong>„Lysiae</strong></span> <span class='ocrx_word' id='word_1_116' title='bbox 373 1748 600 1825; x_wconf 83' lang='lat' dir='ltr'><strong>comparetur.</strong></span> <span class='ocrx_word' id='word_1_117' title='bbox 650 1736 827 1802; x_wconf 81' lang='lat' dir='ltr'><strong>Praeterea</strong></span> <span class='ocrx_word' id='word_1_118' title='bbox 853 1740 894 1803; x_wconf 88' lang='lat' dir='ltr'><strong>ad</strong></span> <span class='ocrx_word' id='word_1_119' title='bbox 916 1740 1079 1806; x_wconf 87' lang='lat' dir='ltr'><strong>virtutem</strong></span> <span class='ocrx_word' id='word_1_120' title='bbox 1102 1738 1228 1806; x_wconf 84' lang='lat' dir='ltr'><strong>maior</strong></span> <span class='ocrx_word' id='word_1_121' title='bbox 1249 1742 1298 1804; x_wconf 89' lang='lat' dir='ltr'><strong>in-</strong></span> 
     </span>
     <span class='ocr_line' id='line_1_16' title="bbox 209 1836 1298 1924; baseline -0.001 -17"><span class='ocrx_word' id='word_1_122' title='bbox 209 1842 342 1924; x_wconf 84' lang='lat' dir='ltr'><strong>‚,dolea,</strong></span> <span class='ocrx_word' id='word_1_123' title='bbox 366 1850 407 1906; x_wconf 88' lang='lat' dir='ltr'><strong>ut</strong></span> <span class='ocrx_word' id='word_1_124' title='bbox 431 1837 572 1904; x_wconf 91' lang='lat' dir='ltr'><strong>minime</strong></span> <span class='ocrx_word' id='word_1_125' title='bbox 592 1836 720 1905; x_wconf 85' lang='lat' dir='ltr'><strong>mirum</strong></span> <span class='ocrx_word' id='word_1_126' title='bbox 742 1836 896 1906; x_wconf 86' lang='lat' dir='ltr'><strong>futurum</strong></span> <span class='ocrx_word' id='word_1_127' title='bbox 920 1841 978 1924; x_wconf 86' lang='lat' dir='ltr'><strong>sit,</strong></span> <span class='ocrx_word' id='word_1_128' title='bbox 1006 1842 1052 1924; x_wconf 85' lang='lat' dir='ltr'><strong>si,</strong></span> <span class='ocrx_word' id='word_1_129' title='bbox 1079 1863 1164 1907; x_wconf 88' lang='lat' dir='ltr'><strong>cum</strong></span> <span class='ocrx_word' id='word_1_130' title='bbox 1192 1853 1298 1909; x_wconf 82' lang='lat' dir='ltr'><strong>aetate</strong></span> 
     </span>
     <span class='ocr_line' id='line_1_17' title="bbox 186 1933 1328 2033; baseline 0.007 -25"><span class='ocrx_word' id='word_1_131' title='bbox 186 1933 449 2032; x_wconf 61' lang='lat' dir='ltr'><strong>&#39;„processerit,</strong></span> <span class='ocrx_word' id='word_1_132' title='bbox 485 1951 546 2007; x_wconf 87' lang='lat' dir='ltr'><strong>aut</strong></span> <span class='ocrx_word' id='word_1_133' title='bbox 572 1937 609 2006; x_wconf 87' lang='lat' dir='ltr'><strong>in</strong></span> <span class='ocrx_word' id='word_1_134' title='bbox 630 1939 695 2007; x_wconf 91' lang='lat' dir='ltr'><strong>hoc</strong></span> <span class='ocrx_word' id='word_1_135' title='bbox 719 1943 911 2012; x_wconf 88' lang='lat' dir='ltr'><strong>orationum</strong></span> <span class='ocrx_word' id='word_1_136' title='bbox 932 1966 1076 2033; x_wconf 86' lang='lat' dir='ltr'><strong>genere,</strong></span> <span class='ocrx_word' id='word_1_137' title='bbox 1121 1944 1186 2012; x_wconf 82' lang='lat' dir='ltr'><strong>eui</strong></span> <span class='ocrx_word' id='word_1_138' title='bbox 1211 1970 1297 2016; x_wconf 86' lang='lat' dir='ltr'><strong>nune</strong></span> <span class='ocrx_word' id='word_1_139' title='bbox 1323 1954 1328 1971; x_wconf 86' lang='grc'><strong>“’</strong></span> 
     </span>
    </p>
   </div>
   <div class='ocr_carea' id='block_1_3' title="bbox 211 2106 419 2127">
    <p class='ocr_par' dir='ltr' id='par_1_8' title="bbox 211 2106 419 2127">
     <span class='ocr_line' id='line_1_18' title="bbox 211 2106 419 2127; baseline 0 -5"><span class='ocrx_word' id='word_1_140' title='bbox 211 2106 419 2127; x_wconf 51' lang='lat' dir='ltr'>*nn—-</span> 
     </span>
    </p>
   </div>
   <div class='ocr_carea' id='block_1_4' title="bbox 245 2199 1296 2266">
    <p class='ocr_par' dir='ltr' id='par_1_9' title="bbox 245 2199 1296 2266">
     <span class='ocr_line' id='line_1_19' title="bbox 245 2199 1296 2266; baseline 0.008 -15"><span class='ocrx_word' id='word_1_141' title='bbox 245 2201 409 2266; x_wconf 67' lang='lat' dir='ltr'><strong>Theodorus]</strong></span> <span class='ocrx_word' id='word_1_142' title='bbox 423 2199 471 2254; x_wconf 85' lang='lat' dir='ltr'><strong>Sic</strong></span> <span class='ocrx_word' id='word_1_143' title='bbox 483 2200 551 2253; x_wconf 85' lang='lat' dir='ltr'><strong>Em.</strong></span> <span class='ocrx_word' id='word_1_144' title='bbox 559 2200 590 2253; x_wconf 85' lang='lat' dir='ltr'><strong>in</strong></span> <span class='ocrx_word' id='word_1_145' title='bbox 603 2199 779 2258; x_wconf 82' lang='lat' dir='ltr'><strong>Glsve.0.&#39;1&#39;.</strong></span> <span class='ocrx_word' id='word_1_146' title='bbox 792 2201 861 2254; x_wconf 88' lang='lat' dir='ltr'><strong>Em.</strong></span> <span class='ocrx_word' id='word_1_147' title='bbox 869 2201 935 2256; x_wconf 81' lang='lat' dir='ltr'><strong>Lex.</strong></span> <span class='ocrx_word' id='word_1_148' title='bbox 944 2199 1027 2266; x_wconf 82' lang='lat' dir='ltr'><strong>Rhet,</strong></span> <span class='ocrx_word' id='word_1_149' title='bbox 1036 2203 1069 2260; x_wconf 81' lang='lat'><strong>1..</strong></span> <span class='ocrx_word' id='word_1_150' title='bbox 1080 2219 1104 2261; x_wconf 89' lang='lat' dir='ltr'><strong>s.</strong></span> <span class='ocrx_word' id='word_1_151' title='bbox 1112 2221 1142 2261; x_wconf 78' lang='lat' dir='ltr'><strong>v.</strong></span> <span class='ocrx_word' id='word_1_152' title='bbox 1154 2209 1296 2260; x_wconf 69' lang='lat' dir='ltr'><strong>rotundo.</strong></span> 
     </span>
    </p>
   </div>
   <div class='ocr_carea' id='block_1_5' title="bbox 129 2270 1304 3661">
    <p class='ocr_par' dir='ltr' id='par_1_10' title="bbox 129 2270 1304 3661">
     <span class='ocr_line' id='line_1_20' title="bbox 211 2270 1295 2341; baseline 0.002 -17"><span class='ocrx_word' id='word_1_153' title='bbox 211 2270 277 2324; x_wconf 84' lang='lat' dir='ltr'><strong>Sch.</strong></span> <span class='ocrx_word' id='word_1_154' title='bbox 293 2270 344 2323; x_wconf 87' lang='lat' dir='ltr'><strong>Or.</strong></span> <span class='ocrx_word' id='word_1_155' title='bbox 357 2295 392 2309; x_wconf 90' lang='lat'><em>-</em></span> <span class='ocrx_word' id='word_1_156' title='bbox 407 2271 570 2341; x_wconf 71' lang='lat' dir='ltr'><strong>Thucydides</strong></span> <span class='ocrx_word' id='word_1_157' title='bbox 581 2270 649 2323; x_wconf 86' lang='lat' dir='ltr'><strong>libri</strong></span> <span class='ocrx_word' id='word_1_158' title='bbox 666 2287 772 2324; x_wconf 70' lang='lat' dir='ltr'><strong>umnec.</strong></span> <span class='ocrx_word' id='word_1_159' title='bbox 782 2299 815 2310; x_wconf 97' lang='lat'>-</span> <span class='ocrx_word' id='word_1_160' title='bbox 831 2273 991 2323; x_wconf 78' lang='lat' dir='ltr'><strong>Theodectes</strong></span> <span class='ocrx_word' id='word_1_161' title='bbox 1003 2273 1078 2324; x_wconf 90' lang='lat' dir='ltr'><strong>Non.</strong></span> <span class='ocrx_word' id='word_1_162' title='bbox 1094 2291 1122 2328; x_wconf 82' lang='lat' dir='ltr'><strong>v.</strong></span> <span class='ocrx_word' id='word_1_163' title='bbox 1137 2278 1295 2339; x_wconf 68' lang='lat' dir='ltr'><strong>rodendum,</strong></span> 
     </span>
     <span class='ocr_line' id='line_1_21' title="bbox 210 2339 1296 2414; baseline 0.008 -24"><span class='ocrx_word' id='word_1_164' title='bbox 210 2341 291 2409; x_wconf 84' lang='lat' dir='ltr'><strong>prob.</strong></span> <span class='ocrx_word' id='word_1_165' title='bbox 305 2339 438 2395; x_wconf 82' lang='lat' dir='ltr'><strong>Grutero.</strong></span> <span class='ocrx_word' id='word_1_166' title='bbox 452 2368 486 2379; x_wconf 92' lang='lat'>-</span> <span class='ocrx_word' id='word_1_167' title='bbox 499 2339 634 2406; x_wconf 82' lang='lat' dir='ltr'><strong>Improbe</strong></span> <span class='ocrx_word' id='word_1_168' title='bbox 648 2347 741 2393; x_wconf 85' lang='lat' dir='ltr'><strong>sutem</strong></span> <span class='ocrx_word' id='word_1_169' title='bbox 755 2341 822 2394; x_wconf 91' lang='lat' dir='ltr'><strong>lect.</strong></span> <span class='ocrx_word' id='word_1_170' title='bbox 838 2342 907 2394; x_wconf 82' lang='lat' dir='ltr'><strong>Mea.</strong></span> <span class='ocrx_word' id='word_1_171' title='bbox 927 2341 1105 2411; x_wconf 74' lang='lat' dir='ltr'><strong>Thucydides,</strong></span> <span class='ocrx_word' id='word_1_172' title='bbox 1129 2345 1207 2414; x_wconf 81' lang='lat' dir='ltr'><strong>quia</strong></span> <span class='ocrx_word' id='word_1_173' title='bbox 1224 2347 1296 2400; x_wconf 83' lang='lat' dir='ltr'><strong>Thu·</strong></span> 
     </span>
     <span class='ocr_line' id='line_1_22' title="bbox 212 2407 1296 2486; baseline 0.004 -26"><span class='ocrx_word' id='word_1_174' title='bbox 212 2407 324 2478; x_wconf 84' lang='lat' dir='ltr'><strong>cydides</strong></span> <span class='ocrx_word' id='word_1_175' title='bbox 342 2407 417 2460; x_wconf 87' lang='lat' dir='ltr'><strong>inter</strong></span> <span class='ocrx_word' id='word_1_176' title='bbox 434 2416 559 2461; x_wconf 84' lang='lat' dir='ltr'><strong>oratores</strong></span> <span class='ocrx_word' id='word_1_177' title='bbox 574 2409 685 2462; x_wconf 84' lang='lat' dir='ltr'><strong>laudari</strong></span> <span class='ocrx_word' id='word_1_178' title='bbox 703 2427 761 2462; x_wconf 89' lang='lat' dir='ltr'><strong>non</strong></span> <span class='ocrx_word' id='word_1_179' title='bbox 779 2418 880 2477; x_wconf 81' lang='lat' dir='ltr'><strong>potest.</strong></span> <span class='ocrx_word' id='word_1_180' title='bbox 917 2409 1013 2477; x_wconf 87' lang='lat' dir='ltr'><strong>Quum</strong></span> <span class='ocrx_word' id='word_1_181' title='bbox 1027 2411 1102 2463; x_wconf 90' lang='lat' dir='ltr'><strong>enim</strong></span> <span class='ocrx_word' id='word_1_182' title='bbox 1121 2412 1158 2464; x_wconf 86' lang='lat' dir='ltr'><strong>de</strong></span> <span class='ocrx_word' id='word_1_183' title='bbox 1176 2430 1234 2482; x_wconf 90' lang='lat' dir='ltr'><strong>eo,</strong></span> <span class='ocrx_word' id='word_1_184' title='bbox 1250 2430 1296 2486; x_wconf 77' lang='lat' dir='ltr'><strong>quo</strong></span> 
     </span>
     <span class='ocr_line' id='line_1_23' title="bbox 129 2476 1296 2549; baseline 0.007 -20"><span class='ocrx_word' id='word_1_185' title='bbox 129 2540 134 2549; x_wconf 71' lang='lat'><strong>.</strong></span> <span class='ocrx_word' id='word_1_186' title='bbox 211 2481 349 2531; x_wconf 75' lang='lat' dir='ltr'><strong>Isocrates</strong></span> <span class='ocrx_word' id='word_1_187' title='bbox 364 2476 401 2528; x_wconf 80' lang='lat' dir='ltr'><strong>sit</strong></span> <span class='ocrx_word' id='word_1_188' title='bbox 416 2494 499 2543; x_wconf 84' lang='lat' dir='ltr'><strong>usus,</strong></span> <span class='ocrx_word' id='word_1_189' title='bbox 518 2477 662 2531; x_wconf 89' lang='lat' dir='ltr'><strong>scribendi</strong></span> <span class='ocrx_word' id='word_1_190' title='bbox 680 2495 782 2548; x_wconf 83' lang='lat' dir='ltr'><strong>genere</strong></span> <span class='ocrx_word' id='word_1_191' title='bbox 799 2476 962 2547; x_wconf 71' lang='lat' dir='ltr'><strong>qliaeritur,</strong></span> <span class='ocrx_word' id='word_1_192' title='bbox 988 2496 1054 2531; x_wconf 86' lang='lat' dir='ltr'><strong>cum</strong></span> <span class='ocrx_word' id='word_1_193' title='bbox 1075 2481 1140 2534; x_wconf 84' lang='lat' dir='ltr'><strong>aliis</strong></span> <span class='ocrx_word' id='word_1_194' title='bbox 1164 2482 1221 2536; x_wconf 90' lang='lat' dir='ltr'><strong>hic</strong></span> <span class='ocrx_word' id='word_1_195' title='bbox 1239 2501 1296 2536; x_wconf 87' lang='lat' dir='ltr'><strong>ors-</strong></span> 
     </span>
     <span class='ocr_line' id='line_1_24' title="bbox 211 2542 1295 2613; baseline 0.006 -14"><span class='ocrx_word' id='word_1_196' title='bbox 211 2548 320 2600; x_wconf 87' lang='lat' dir='ltr'><strong>toribus</strong></span> <span class='ocrx_word' id='word_1_197' title='bbox 334 2545 492 2613; x_wconf 84' lang='lat' dir='ltr'><strong>comparari</strong></span> <span class='ocrx_word' id='word_1_198' title='bbox 511 2542 603 2600; x_wconf 88' lang='lat' dir='ltr'><strong>debet.</strong></span> <span class='ocrx_word' id='word_1_199' title='bbox 621 2564 688 2601; x_wconf 88' lang='lat' dir='ltr'><strong>nam</strong></span> <span class='ocrx_word' id='word_1_200' title='bbox 701 2547 829 2599; x_wconf 70' lang='lat' dir='ltr'><strong>historici</strong></span> <span class='ocrx_word' id='word_1_201' title='bbox 849 2546 922 2598; x_wconf 89' lang='lat' dir='ltr'><strong>nihil</strong></span> <span class='ocrx_word' id='word_1_202' title='bbox 935 2548 970 2600; x_wconf 87' lang='lat' dir='ltr'><strong>ad</strong></span> <span class='ocrx_word' id='word_1_203' title='bbox 984 2550 1143 2603; x_wconf 84' lang='lat' dir='ltr'><strong>Isocratem</strong></span> <span class='ocrx_word' id='word_1_204' title='bbox 1165 2554 1295 2606; x_wconf 83' lang='lat' dir='ltr'><strong>attinent</strong></span> 
     </span>
     <span class='ocr_line' id='line_1_25' title="bbox 210 2615 1296 2686; baseline 0.006 -18"><span class='ocrx_word' id='word_1_205' title='bbox 210 2616 263 2668; x_wconf 85' lang='lat' dir='ltr'><strong>Est</strong></span> <span class='ocrx_word' id='word_1_206' title='bbox 278 2623 375 2668; x_wconf 83' lang='lat' dir='ltr'><strong>autem</strong></span> <span class='ocrx_word' id='word_1_207' title='bbox 386 2615 552 2667; x_wconf 88' lang='lat' dir='ltr'><strong>Theodorus</strong></span> <span class='ocrx_word' id='word_1_208' title='bbox 568 2616 669 2668; x_wconf 89' lang='lat' dir='ltr'><strong>tertius</strong></span> <span class='ocrx_word' id='word_1_209' title='bbox 682 2632 715 2667; x_wconf 89' lang='lat' dir='ltr'><strong>ex</strong></span> <span class='ocrx_word' id='word_1_210' title='bbox 737 2616 773 2667; x_wconf 89' lang='lat' dir='ltr'><strong>iis</strong></span> <span class='ocrx_word' id='word_1_211' title='bbox 786 2632 855 2686; x_wconf 87' lang='lat' dir='ltr'><strong>quos</strong></span> <span class='ocrx_word' id='word_1_212' title='bbox 874 2631 957 2681; x_wconf 67' lang='lat' dir='ltr'><strong>snpra</strong></span> <span class='ocrx_word' id='word_1_213' title='bbox 970 2619 1173 2672; x_wconf 85' lang='lat' dir='ltr'><strong>nominaverat</strong></span> <span class='ocrx_word' id='word_1_214' title='bbox 1187 2623 1296 2676; x_wconf 85' lang='lat' dir='ltr'><strong>Cicero.</strong></span> 
     </span>
     <span class='ocr_line' id='line_1_26' title="bbox 175 2682 1298 2760; baseline 0.007 -23"><span class='ocrx_word' id='word_1_215' title='bbox 175 2695 177 2701; x_wconf 83' lang='grc'>’</span> <span class='ocrx_word' id='word_1_216' title='bbox 211 2685 380 2754; x_wconf 84' lang='lat' dir='ltr'><strong>Infrequens</strong></span> <span class='ocrx_word' id='word_1_217' title='bbox 398 2700 464 2736; x_wconf 85' lang='lat' dir='ltr'><strong>vero</strong></span> <span class='ocrx_word' id='word_1_218' title='bbox 481 2683 623 2736; x_wconf 86' lang='lat' dir='ltr'><strong>Theodori</strong></span> <span class='ocrx_word' id='word_1_219' title='bbox 642 2698 749 2736; x_wconf 88' lang='lat' dir='ltr'><strong>nomen</strong></span> <span class='ocrx_word' id='word_1_220' title='bbox 765 2683 793 2735; x_wconf 90' lang='lat' dir='ltr'><strong>in</strong></span> <span class='ocrx_word' id='word_1_221' title='bbox 816 2682 1064 2740; x_wconf 71' lang='lat' dir='ltr'><strong>celebratissimum</strong></span> <span class='ocrx_word' id='word_1_222' title='bbox 1089 2689 1169 2741; x_wconf 86' lang='lat' dir='ltr'><strong>illud</strong></span> <span class='ocrx_word' id='word_1_223' title='bbox 1185 2692 1298 2760; x_wconf 66' lang='lat' dir='ltr'><strong>Thucy·</strong></span> 
     </span>
     <span class='ocr_line' id='line_1_27' title="bbox 212 2750 1299 2833; baseline 0.006 -28"><span class='ocrx_word' id='word_1_224' title='bbox 212 2754 285 2806; x_wconf 81' lang='lat' dir='ltr'><strong>didit</strong></span> <span class='ocrx_word' id='word_1_225' title='bbox 296 2752 375 2803; x_wconf 86' lang='lat' dir='ltr'><strong>abire</strong></span> <span class='ocrx_word' id='word_1_226' title='bbox 388 2750 472 2804; x_wconf 85' lang='lat' dir='ltr'><strong>facile</strong></span> <span class='ocrx_word' id='word_1_227' title='bbox 484 2760 605 2820; x_wconf 86' lang='lat' dir='ltr'><strong>poterat.</strong></span> <span class='ocrx_word' id='word_1_228' title='bbox 636 2754 677 2805; x_wconf 85' lang='lat' dir='ltr'><strong>Ac</strong></span> <span class='ocrx_word' id='word_1_229' title='bbox 692 2751 866 2805; x_wconf 79' lang='lat' dir='ltr'><strong>Theodectes</strong></span> <span class='ocrx_word' id='word_1_230' title='bbox 881 2771 993 2825; x_wconf 84' lang='lat' dir='ltr'><strong>quoque</strong></span> <span class='ocrx_word' id='word_1_231' title='bbox 1007 2757 1113 2825; x_wconf 88' lang='lat' dir='ltr'><strong>Nonii,</strong></span> <span class='ocrx_word' id='word_1_232' title='bbox 1133 2776 1299 2833; x_wconf 79' lang='lat' dir='ltr'><strong>qrranquaos</strong></span> 
     </span>
     <span class='ocr_line' id='line_1_28' title="bbox 233 2820 1299 2894; baseline 0.008 -20"><span class='ocrx_word' id='word_1_233' title='bbox 233 2837 342 2874; x_wconf 85' lang='lat' dir='ltr'><strong>erversa</strong></span> <span class='ocrx_word' id='word_1_234' title='bbox 360 2820 400 2872; x_wconf 86' lang='lat' dir='ltr'><strong>ibi</strong></span> <span class='ocrx_word' id='word_1_235' title='bbox 420 2829 463 2872; x_wconf 90' lang='lat' dir='ltr'><strong>est</strong></span> <span class='ocrx_word' id='word_1_236' title='bbox 478 2820 581 2887; x_wconf 86' lang='lat' dir='ltr'><strong>lectio,</strong></span> <span class='ocrx_word' id='word_1_237' title='bbox 605 2821 774 2876; x_wconf 79' lang='lat' dir='ltr'><strong>confirmare</strong></span> <span class='ocrx_word' id='word_1_238' title='bbox 791 2821 901 2874; x_wconf 88' lang='lat' dir='ltr'><strong>videtur</strong></span> <span class='ocrx_word' id='word_1_239' title='bbox 920 2833 1046 2879; x_wconf 82' lang='lat' dir='ltr'><strong>nostrent</strong></span> <span class='ocrx_word' id='word_1_240' title='bbox 1062 2827 1251 2894; x_wconf 81' lang='lat' dir='ltr'><strong>opinionem.</strong></span> <span class='ocrx_word' id='word_1_241' title='bbox 1273 2845 1299 2882; x_wconf 77' lang='lat' dir='ltr'><strong>ex</strong></span> 
     </span>
     <span class='ocr_line' id='line_1_29' title="bbox 211 2839 1300 2968; baseline 0.006 -25"><span class='ocrx_word' id='word_1_242' title='bbox 211 2839 268 2943; x_wconf 76' lang='lat' dir='ltr'><strong>linc</strong></span> <span class='ocrx_word' id='word_1_243' title='bbox 289 2889 366 2942; x_wconf 91' lang='lat' dir='ltr'><strong>enim</strong></span> <span class='ocrx_word' id='word_1_244' title='bbox 384 2888 499 2942; x_wconf 88' lang='lat' dir='ltr'><strong>nomine</strong></span> <span class='ocrx_word' id='word_1_245' title='bbox 524 2889 608 2940; x_wconf 79' lang='lat' dir='ltr'><strong>facilc</strong></span> <span class='ocrx_word' id='word_1_246' title='bbox 635 2889 774 2943; x_wconf 86' lang='lat' dir='ltr'><strong>coniicere</strong></span> <span class='ocrx_word' id='word_1_247' title='bbox 794 2907 958 2960; x_wconf 82' lang='lat' dir='ltr'><strong>possumne,</strong></span> <span class='ocrx_word' id='word_1_248' title='bbox 992 2894 1118 2948; x_wconf 90' lang='lat' dir='ltr'><strong>Nonium</strong></span> <span class='ocrx_word' id='word_1_249' title='bbox 1138 2899 1300 2968; x_wconf 78' lang='lat' dir='ltr'><strong>sophistam</strong></span> 
     </span>
     <span class='ocr_line' id='line_1_30' title="bbox 214 2957 1300 3029; baseline 0.01 -18"><span class='ocrx_word' id='word_1_250' title='bbox 214 2957 376 3029; x_wconf 86' lang='lat' dir='ltr'><strong>quendam,</strong></span> <span class='ocrx_word' id='word_1_251' title='bbox 405 2974 463 3010; x_wconf 88' lang='lat' dir='ltr'><strong>non</strong></span> <span class='ocrx_word' id='word_1_252' title='bbox 489 2957 674 3022; x_wconf 86' lang='lat' dir='ltr'><strong>historicum,</strong></span> <span class='ocrx_word' id='word_1_253' title='bbox 698 2959 814 3012; x_wconf 83' lang='lat' dir='ltr'><strong>laudsre</strong></span> <span class='ocrx_word' id='word_1_254' title='bbox 840 2961 977 3029; x_wconf 80' lang='lat' dir='ltr'><strong>voluisse,</strong></span> <span class='ocrx_word' id='word_1_255' title='bbox 1007 2963 1037 3015; x_wconf 92' lang='lat' dir='ltr'><strong>in</strong></span> <span class='ocrx_word' id='word_1_256' title='bbox 1058 2965 1185 3020; x_wconf 87' lang='lat' dir='ltr'><strong>nomine</strong></span> <span class='ocrx_word' id='word_1_257' title='bbox 1212 2980 1300 3022; x_wconf 84' lang='lat' dir='ltr'><strong>autem</strong></span> 
     </span>
     <span class='ocr_line' id='line_1_31' title="bbox 214 3026 1301 3092; baseline 0.007 -11"><span class='ocrx_word' id='word_1_258' title='bbox 214 3027 350 3081; x_wconf 80' lang='lat' dir='ltr'><strong>memoria</strong></span> <span class='ocrx_word' id='word_1_259' title='bbox 370 3042 433 3080; x_wconf 84' lang='lat' dir='ltr'><strong>esse</strong></span> <span class='ocrx_word' id='word_1_260' title='bbox 452 3026 566 3081; x_wconf 84' lang='lat' dir='ltr'><strong>falsum.</strong></span> <span class='ocrx_word' id='word_1_261' title='bbox 601 3028 776 3080; x_wconf 86' lang='lat' dir='ltr'><strong>Theodectes</strong></span> <span class='ocrx_word' id='word_1_262' title='bbox 798 3029 873 3082; x_wconf 88' lang='lat' dir='ltr'><strong>enim</strong></span> <span class='ocrx_word' id='word_1_263' title='bbox 889 3031 1003 3084; x_wconf 84' lang='lat' dir='ltr'><strong>auditor</strong></span> <span class='ocrx_word' id='word_1_264' title='bbox 1017 3033 1074 3086; x_wconf 83' lang='lat' dir='ltr'><strong>fnit</strong></span> <span class='ocrx_word' id='word_1_265' title='bbox 1086 3035 1261 3092; x_wconf 82' lang='lat' dir='ltr'><strong>Aristotelis</strong></span> <span class='ocrx_word' id='word_1_266' title='bbox 1278 3046 1301 3090; x_wconf 87' lang='lat' dir='ltr'><strong>et</strong></span> 
     </span>
     <span class='ocr_line' id='line_1_32' title="bbox 214 3095 1301 3169; baseline 0.011 -22"><span class='ocrx_word' id='word_1_267' title='bbox 214 3097 320 3168; x_wconf 87' lang='lat' dir='ltr'><strong>politus</strong></span> <span class='ocrx_word' id='word_1_268' title='bbox 334 3095 456 3165; x_wconf 86' lang='lat' dir='ltr'><strong>scriptor</strong></span> <span class='ocrx_word' id='word_1_269' title='bbox 476 3104 560 3166; x_wconf 86' lang='lat' dir='ltr'><strong>atque</strong></span> <span class='ocrx_word' id='word_1_270' title='bbox 576 3097 695 3165; x_wconf 84' lang='lat' dir='ltr'><strong>artifex,</strong></span> <span class='ocrx_word' id='word_1_271' title='bbox 719 3107 751 3149; x_wconf 91' lang='lat' dir='ltr'><strong>ut</strong></span> <span class='ocrx_word' id='word_1_272' title='bbox 764 3099 837 3150; x_wconf 82' lang='lat' dir='ltr'><strong>inira</strong></span> <span class='ocrx_word' id='word_1_273' title='bbox 850 3097 968 3169; x_wconf 78' lang='lat' dir='ltr'><strong>legimns</strong></span> <span class='ocrx_word' id='word_1_274' title='bbox 986 3119 1011 3155; x_wconf 88' lang='lat' dir='ltr'><strong>c.</strong></span> <span class='ocrx_word' id='word_1_275' title='bbox 1026 3100 1069 3159; x_wconf 79' lang='lat'><strong>51.</strong></span> <span class='ocrx_word' id='word_1_276' title='bbox 1087 3130 1123 3148; x_wconf 91' lang='lat'><strong>·-</strong></span> <span class='ocrx_word' id='word_1_277' title='bbox 1141 3105 1196 3160; x_wconf 83' lang='lat' dir='ltr'><strong>De</strong></span> <span class='ocrx_word' id='word_1_278' title='bbox 1212 3107 1301 3164; x_wconf 82' lang='lat' dir='ltr'><strong>Theo·</strong></span> 
     </span>
     <span class='ocr_line' id='line_1_33' title="bbox 214 3164 844 3235; baseline 0.002 -15"><span class='ocrx_word' id='word_1_279' title='bbox 214 3169 284 3220; x_wconf 88' lang='lat' dir='ltr'><strong>doro</strong></span> <span class='ocrx_word' id='word_1_280' title='bbox 299 3183 325 3217; x_wconf 85' lang='lat' dir='ltr'><strong>v.</strong></span> <span class='ocrx_word' id='word_1_281' title='bbox 339 3164 398 3221; x_wconf 90' lang='lat' dir='ltr'><strong>Cic.</strong></span> <span class='ocrx_word' id='word_1_282' title='bbox 413 3165 492 3218; x_wconf 90' lang='lat' dir='ltr'><strong>Brut.</strong></span> <span class='ocrx_word' id='word_1_283' title='bbox 506 3182 532 3222; x_wconf 89' lang='lat' dir='ltr'><strong>c.</strong></span> <span class='ocrx_word' id='word_1_284' title='bbox 547 3168 587 3220; x_wconf 74' lang='lat'><strong>12.</strong></span> <span class='ocrx_word' id='word_1_285' title='bbox 613 3166 680 3235; x_wconf 88' lang='lat' dir='ltr'><strong>Qut.</strong></span> <span class='ocrx_word' id='word_1_286' title='bbox 693 3166 745 3233; x_wconf 88' lang='grc' dir='ltr'>ΙΙΙ,</span> <span class='ocrx_word' id='word_1_287' title='bbox 763 3171 786 3231; x_wconf 86' lang='grc'><strong>1,</strong></span> <span class='ocrx_word' id='word_1_288' title='bbox 803 3171 844 3222; x_wconf 92' lang='grc'><strong>11.</strong></span> 
     </span>
     <span class='ocr_line' id='line_1_34' title="bbox 283 3232 844 3308; baseline -0.002 -20"><span class='ocrx_word' id='word_1_289' title='bbox 283 3233 326 3288; x_wconf 80' lang='grc'><strong>41.</strong></span> <span class='ocrx_word' id='word_1_290' title='bbox 352 3232 444 3305; x_wconf 80' lang='lat' dir='ltr'><strong>facile</strong></span> <span class='ocrx_word' id='word_1_291' title='bbox 454 3235 594 3304; x_wconf 80' lang='lat' dir='ltr'><strong>patiebar]</strong></span> <span class='ocrx_word' id='word_1_292' title='bbox 615 3252 672 3289; x_wconf 84' lang='lat' dir='ltr'><strong>om·</strong></span> <span class='ocrx_word' id='word_1_293' title='bbox 680 3234 774 3308; x_wconf 78' lang='lat' dir='ltr'><strong>facile</strong></span> <span class='ocrx_word' id='word_1_294' title='bbox 788 3235 844 3288; x_wconf 84' lang='lat' dir='ltr'><strong>vit.</strong></span> 
     </span>
     <span class='ocr_line' id='line_1_35' title="bbox 250 3304 621 3388; baseline -0.003 -32"><span class='ocrx_word' id='word_1_295' title='bbox 250 3305 374 3388; x_wconf 59' lang='lat' dir='ltr'><strong>iuditio]</strong></span> <span class='ocrx_word' id='word_1_296' title='bbox 392 3305 492 3355; x_wconf 77' lang='lat' dir='ltr'><strong>iudicio</strong></span> <span class='ocrx_word' id='word_1_297' title='bbox 510 3304 581 3360; x_wconf 81' lang='lat' dir='ltr'><strong>Ven.</strong></span> <span class='ocrx_word' id='word_1_298' title='bbox 594 3308 621 3362; x_wconf 71' lang='grc'><strong>2,</strong></span> 
     </span>
     <span class='ocr_line' id='line_1_36' title="bbox 248 3372 1084 3510; baseline 0.002 -17"><span class='ocrx_word' id='word_1_299' title='bbox 248 3372 653 3510; x_wconf 56' lang='grc' dir='ltr'><strong>ΙΙΙΪΙΙΙΞΞΙἭΙἋΙΙ.</strong></span> <span class='ocrx_word' id='word_1_300' title='bbox 1081 3474 1084 3481; x_wconf 87' lang='grc'><em>.</em></span> 
     </span>
     <span class='ocr_line' id='line_1_37' title="bbox 250 3506 1304 3580; baseline 0.009 -17"><span class='ocrx_word' id='word_1_301' title='bbox 250 3511 358 3580; x_wconf 83' lang='lat' dir='ltr'><strong>loquens</strong></span> <span class='ocrx_word' id='word_1_302' title='bbox 368 3506 499 3577; x_wconf 80' lang='lat' dir='ltr'><strong>Socrates]</strong></span> <span class='ocrx_word' id='word_1_303' title='bbox 516 3512 707 3565; x_wconf 80' lang='lat' dir='ltr'><strong>leocratesDr.</strong></span> <span class='ocrx_word' id='word_1_304' title='bbox 756 3512 888 3579; x_wconf 84' lang='lat' dir='ltr'><strong>„Rariori</strong></span> <span class='ocrx_word' id='word_1_305' title='bbox 902 3530 1005 3580; x_wconf 82' lang='lat' dir='ltr'><strong>errore,</strong></span> <span class='ocrx_word' id='word_1_306' title='bbox 1020 3530 1085 3568; x_wconf 84' lang='lat' dir='ltr'><strong>cum</strong></span> <span class='ocrx_word' id='word_1_307' title='bbox 1091 3521 1263 3576; x_wconf 66' lang='lat' dir='ltr'><strong>contrariu!</strong></span> <span class='ocrx_word' id='word_1_308' title='bbox 1272 3520 1304 3574; x_wconf 84' lang='lat' dir='ltr'><strong>sit</strong></span> 
     </span>
     <span class='ocr_line' id='line_1_38' title="bbox 213 3577 1303 3661; baseline 0.012 -28"><span class='ocrx_word' id='word_1_309' title='bbox 213 3578 459 3650; x_wconf 82' lang='lat' dir='ltr'><strong>frequentissimus</strong></span> <span class='ocrx_word' id='word_1_310' title='bbox 466 3577 496 3630; x_wconf 92' lang='lat' dir='ltr'><strong>in</strong></span> <span class='ocrx_word' id='word_1_311' title='bbox 505 3578 593 3635; x_wconf 90' lang='lat' dir='ltr'><strong>Codd.</strong></span> <span class='ocrx_word' id='word_1_312' title='bbox 601 3582 619 3614; x_wconf 72' lang='lat'><strong>‘⁸</strong></span> <span class='ocrx_word' id='word_1_313' title='bbox 642 3581 717 3632; x_wconf 88' lang='lat' dir='ltr'><strong>Hsec</strong></span> <span class='ocrx_word' id='word_1_314' title='bbox 727 3581 821 3651; x_wconf 86' lang='lat' dir='ltr'><strong>Speld.</strong></span> <span class='ocrx_word' id='word_1_315' title='bbox 829 3583 864 3635; x_wconf 89' lang='lat' dir='ltr'><strong>ad</strong></span> <span class='ocrx_word' id='word_1_316' title='bbox 874 3585 940 3654; x_wconf 89' lang='lat' dir='ltr'><strong>Qut.</strong></span> <span class='ocrx_word' id='word_1_317' title='bbox 951 3586 989 3652; x_wconf 86' lang='grc' dir='ltr'><strong>ΙΙ,</strong></span> <span class='ocrx_word' id='word_1_318' title='bbox 1001 3587 1042 3649; x_wconf 80' lang='lat'><strong>15,</strong></span> <span class='ocrx_word' id='word_1_319' title='bbox 1051 3589 1092 3640; x_wconf 86' lang='lat'><strong>10.</strong></span> <span class='ocrx_word' id='word_1_320' title='bbox 1112 3585 1150 3639; x_wconf 85' lang='lat' dir='ltr'><strong>ci.</strong></span> <span class='ocrx_word' id='word_1_321' title='bbox 1160 3589 1219 3643; x_wconf 82' lang='lat' dir='ltr'><strong>inf.</strong></span> <span class='ocrx_word' id='word_1_322' title='bbox 1229 3592 1258 3661; x_wconf 70' lang='lat' dir='ltr'><strong>S.</strong></span> <span class='ocrx_word' id='word_1_323' title='bbox 1266 3589 1303 3648; x_wconf 77' lang='grc'><strong>12.</strong></span> 
     </span>
    </p>
   </div>
   <div class='ocr_carea' id='block_1_6' title="bbox 218 3640 1305 3787">
    <p class='ocr_par' dir='ltr' id='par_1_11' title="bbox 218 3640 1305 3787">
     <span class='ocr_line' id='line_1_39' title="bbox 223 3640 1305 3732; baseline 0.015 -35"><span class='ocrx_word' id='word_1_324' title='bbox 223 3722 228 3732; x_wconf 88' lang='lat'><strong>.</strong></span> <span class='ocrx_word' id='word_1_325' title='bbox 251 3650 316 3716; x_wconf 79' lang='lat' dir='ltr'><strong>quid</strong></span> <span class='ocrx_word' id='word_1_326' title='bbox 330 3651 362 3699; x_wconf 84' lang='lat' dir='ltr'><strong>de</strong></span> <span class='ocrx_word' id='word_1_327' title='bbox 374 3647 422 3700; x_wconf 85' lang='lat' dir='ltr'><strong>illo</strong></span> <span class='ocrx_word' id='word_1_328' title='bbox 437 3648 568 3719; x_wconf 73' lang='lat' dir='ltr'><strong>augurer]</strong></span> <span class='ocrx_word' id='word_1_329' title='bbox 580 3640 709 3730; x_wconf 32' lang='lat' dir='ltr'><strong>&#39;quidlille</strong></span> <span class='ocrx_word' id='word_1_330' title='bbox 725 3653 757 3704; x_wconf 82' lang='lat' dir='ltr'><strong>de</strong></span> <span class='ocrx_word' id='word_1_331' title='bbox 777 3651 910 3720; x_wconf 74' lang='lat' dir='ltr'><strong>illolllen.</strong></span> <span class='ocrx_word' id='word_1_332' title='bbox 928 3656 954 3709; x_wconf 89' lang='lat'><strong>1.</strong></span> <span class='ocrx_word' id='word_1_333' title='bbox 972 3653 1050 3708; x_wconf 82' lang='lat' dir='ltr'><strong>Med.</strong></span> <span class='ocrx_word' id='word_1_334' title='bbox 1064 3684 1099 3696; x_wconf 93' lang='lat'><em>-</em></span> <span class='ocrx_word' id='word_1_335' title='bbox 1113 3660 1185 3725; x_wconf 73' lang='lat' dir='ltr'><strong>quia</strong></span> <span class='ocrx_word' id='word_1_336' title='bbox 1201 3662 1263 3732; x_wconf 75' lang='lat' dir='ltr'><strong>ipae</strong></span> <span class='ocrx_word' id='word_1_337' title='bbox 1278 3663 1305 3720; x_wconf 57' lang='lat' dir='ltr'><strong>a,</strong></span> 
     </span>
     <span class='ocr_line' id='line_1_40' title="bbox 218 3718 685 3787; baseline 0.004 -17"><span class='ocrx_word' id='word_1_338' title='bbox 218 3718 265 3772; x_wconf 71' lang='lat' dir='ltr'><strong>:llo</strong></span> <span class='ocrx_word' id='word_1_339' title='bbox 279 3719 355 3771; x_wconf 87' lang='lat' dir='ltr'><strong>Jnnt.</strong></span> <span class='ocrx_word' id='word_1_340' title='bbox 372 3721 396 3772; x_wconf 91' lang='lat'><strong>1.</strong></span> <span class='ocrx_word' id='word_1_341' title='bbox 414 3719 440 3772; x_wconf 78' lang='lat'><strong>2.</strong></span> <span class='ocrx_word' id='word_1_342' title='bbox 457 3745 489 3756; x_wconf 89' lang='lat'><em>-</em></span> <span class='ocrx_word' id='word_1_343' title='bbox 502 3736 616 3787; x_wconf 80' lang='lat' dir='ltr'><strong>augures</strong></span> <span class='ocrx_word' id='word_1_344' title='bbox 629 3720 685 3772; x_wconf 74' lang='lat' dir='ltr'><strong>vit.</strong></span> 
     </span>
    </p>
   </div>
   <div class='ocr_carea' id='block_1_7' title="bbox 217 3786 1310 4278">
    <p class='ocr_par' dir='ltr' id='par_1_12' title="bbox 253 3786 1013 3855">
     <span class='ocr_line' id='line_1_41' title="bbox 253 3786 1013 3855; baseline 0.003 -19"><span class='ocrx_word' id='word_1_345' title='bbox 253 3786 448 3855; x_wconf 77' lang='lat' dir='ltr'><strong>quidrandem]</strong></span> <span class='ocrx_word' id='word_1_346' title='bbox 475 3798 564 3835; x_wconf 69' lang='lat' dir='ltr'><strong>tanseat</strong></span> <span class='ocrx_word' id='word_1_347' title='bbox 578 3787 660 3840; x_wconf 89' lang='lat' dir='ltr'><strong>Mon.</strong></span> <span class='ocrx_word' id='word_1_348' title='bbox 919 3826 922 3835; x_wconf 93' lang='lat'><strong>.</strong></span> <span class='ocrx_word' id='word_1_349' title='bbox 1009 3822 1013 3830; x_wconf 83' lang='lat'>·</span> 
     </span>
    </p>

    <p class='ocr_par' dir='ltr' id='par_1_13' title="bbox 217 3854 1310 4278">
     <span class='ocr_line' id='line_1_42' title="bbox 246 3854 1306 3937; baseline 0.013 -31"><span class='ocrx_word' id='word_1_350' title='bbox 246 3873 304 3907; x_wconf 86' lang='lat' dir='ltr'><strong>cum</strong></span> <span class='ocrx_word' id='word_1_351' title='bbox 313 3854 487 3922; x_wconf 79' lang='lat' dir='ltr'><strong>orationibus]</strong></span> <span class='ocrx_word' id='word_1_352' title='bbox 496 3854 625 3907; x_wconf 87' lang='lat' dir='ltr'><strong>similiter</strong></span> <span class='ocrx_word' id='word_1_353' title='bbox 632 3856 656 3924; x_wconf 79' lang='lat'>§</span> <span class='ocrx_word' id='word_1_354' title='bbox 666 3857 708 3911; x_wconf 82' lang='lat'><strong>68.</strong></span> <span class='ocrx_word' id='word_1_355' title='bbox 718 3887 748 3899; x_wconf 91' lang='lat'>-</span> <span class='ocrx_word' id='word_1_356' title='bbox 755 3869 916 3927; x_wconf 77' lang='lat' dir='ltr'><strong>„egooutem</strong></span> <span class='ocrx_word' id='word_1_357' title='bbox 926 3862 1008 3911; x_wconf 80' lang='lat' dir='ltr'><strong>etiam</strong></span> <span class='ocrx_word' id='word_1_358' title='bbox 1016 3862 1041 3912; x_wconf 85' lang='lat' dir='ltr'><strong>si</strong></span> <span class='ocrx_word' id='word_1_359' title='bbox 1048 3863 1219 3929; x_wconf 61' lang='lat' dir='ltr'><strong>monendam</strong></span> <span class='ocrx_word' id='word_1_360' title='bbox 1226 3883 1306 3937; x_wconf 70' lang='lat' dir='ltr'><strong>grase</strong></span> 
     </span>
     <span class='ocr_line' id='line_1_43' title="bbox 217 3926 1306 3990; baseline 0.012 -14"><span class='ocrx_word' id='word_1_361' title='bbox 217 3926 260 3976; x_wconf 73' lang='lat' dir='ltr'><strong>dis</strong></span> <span class='ocrx_word' id='word_1_362' title='bbox 269 3935 294 3973; x_wconf 81' lang='lat' dir='ltr'><strong>et</strong></span> <span class='ocrx_word' id='word_1_363' title='bbox 303 3933 398 3974; x_wconf 71' lang='lat' dir='ltr'><strong>omnia</strong></span> <span class='ocrx_word' id='word_1_364' title='bbox 411 3940 463 3972; x_wconf 85' lang='lat' dir='ltr'><strong>vox</strong></span> <span class='ocrx_word' id='word_1_365' title='bbox 474 3937 512 3973; x_wconf 77' lang='lat' dir='ltr'><strong>est</strong></span> <span class='ocrx_word' id='word_1_366' title='bbox 526 3937 678 3990; x_wconf 80' lang='lat' dir='ltr'><strong>poetarum,</strong></span> <span class='ocrx_word' id='word_1_367' title='bbox 697 3931 832 3978; x_wconf 76' lang='lat' dir='ltr'><strong>tamenin</strong></span> <span class='ocrx_word' id='word_1_368' title='bbox 850 3946 888 3979; x_wconf 80' lang='lat' dir='ltr'><strong>ea</strong></span> <span class='ocrx_word' id='word_1_369' title='bbox 906 3949 964 3980; x_wconf 85' lang='lat' dir='ltr'><strong>eum</strong></span> <span class='ocrx_word' id='word_1_370' title='bbox 984 3933 1119 3983; x_wconf 78' lang='lat' dir='ltr'><strong>licentiam</strong></span> <span class='ocrx_word' id='word_1_371' title='bbox 1133 3945 1233 3988; x_wconf 71' lang='lat' dir='ltr'><strong>statuo</strong></span> <span class='ocrx_word' id='word_1_372' title='bbox 1248 3956 1306 3988; x_wconf 81' lang='lat' dir='ltr'><strong>mo-</strong></span> 
     </span>
     <span class='ocr_line' id='line_1_44' title="bbox 217 3993 1308 4070; baseline 0.007 -26"><span class='ocrx_word' id='word_1_373' title='bbox 217 3996 297 4044; x_wconf 83' lang='lat' dir='ltr'><strong>iorem</strong></span> <span class='ocrx_word' id='word_1_374' title='bbox 311 4011 365 4042; x_wconf 81' lang='lat' dir='ltr'><strong>esse</strong></span> <span class='ocrx_word' id='word_1_375' title='bbox 380 4009 457 4060; x_wconf 80' lang='lat' dir='ltr'><strong>quam</strong></span> <span class='ocrx_word' id='word_1_376' title='bbox 473 3993 501 4041; x_wconf 81' lang='lat' dir='ltr'><strong>in</strong></span> <span class='ocrx_word' id='word_1_377' title='bbox 517 3995 644 4043; x_wconf 58' lang='lat' dir='ltr'><strong>nodid‘</strong></span> <span class='ocrx_word' id='word_1_378' title='bbox 660 3996 721 4052; x_wconf 69' lang='grc'><strong>230,</strong></span> <span class='ocrx_word' id='word_1_379' title='bbox 740 3999 826 4062; x_wconf 77' lang='lat' dir='ltr'><strong>„Sunt</strong></span> <span class='ocrx_word' id='word_1_380' title='bbox 843 3999 921 4049; x_wconf 81' lang='lat' dir='ltr'><strong>etiam</strong></span> <span class='ocrx_word' id='word_1_381' title='bbox 936 4002 982 4069; x_wconf 75' lang='lat' dir='ltr'><strong>qui</strong></span> <span class='ocrx_word' id='word_1_382' title='bbox 993 4002 1064 4051; x_wconf 83' lang='lat' dir='ltr'><strong>-in</strong></span> <span class='ocrx_word' id='word_1_383' title='bbox 1071 4019 1158 4070; x_wconf 80' lang='lat' dir='ltr'><strong>gentse</strong></span> <span class='ocrx_word' id='word_1_384' title='bbox 1171 4006 1308 4058; x_wconf 74' lang='lat' dir='ltr'><strong>abiectum</strong></span> 
     </span>
     <span class='ocr_line' id='line_1_45' title="bbox 217 4059 1308 4136; baseline 0.001 -24"><span class='ocrx_word' id='word_1_385' title='bbox 217 4064 348 4127; x_wconf 76' lang='lat' dir='ltr'><strong>incidant,</strong></span> <span class='ocrx_word' id='word_1_386' title='bbox 367 4059 512 4111; x_wconf 82' lang='lat' dir='ltr'><strong>Siculorum</strong></span> <span class='ocrx_word' id='word_1_387' title='bbox 527 4061 718 4116; x_wconf 84' lang='lat' dir='ltr'><strong>simillimum.‘·</strong></span> <span class='ocrx_word' id='word_1_388' title='bbox 734 4067 757 4134; x_wconf 61' lang='grc' dir='ltr'><strong>ᾖ,</strong></span> <span class='ocrx_word' id='word_1_389' title='bbox 768 4065 1022 4136; x_wconf 66' lang='lat' dir='ltr'><strong>89.—,‚primisque</strong></span> <span class='ocrx_word' id='word_1_390' title='bbox 1038 4070 1072 4120; x_wconf 76' lang='lat' dir='ltr'><strong>ab</strong></span> <span class='ocrx_word' id='word_1_391' title='bbox 1088 4069 1308 4126; x_wconf 57' lang='lat' dir='ltr'><strong>hielsinoyia</strong></span> 
     </span>
     <span class='ocr_line' id='line_1_46' title="bbox 221 4133 1309 4204; baseline 0.014 -23"><span class='ocrx_word' id='word_1_392' title='bbox 221 4141 349 4181; x_wconf 78' lang='lat' dir='ltr'><strong>commoto</strong></span> <span class='ocrx_word' id='word_1_393' title='bbox 364 4140 415 4195; x_wconf 81' lang='lat' dir='ltr'><strong>est,</strong></span> <span class='ocrx_word' id='word_1_394' title='bbox 441 4139 471 4178; x_wconf 83' lang='lat' dir='ltr'><strong>ut</strong></span> <span class='ocrx_word' id='word_1_395' title='bbox 494 4133 603 4184; x_wconf 67' lang='lat' dir='ltr'><strong>aulient</strong></span> <span class='ocrx_word' id='word_1_396' title='bbox 621 4134 725 4189; x_wconf 73' lang='lat' dir='ltr'><strong>uberius</strong></span> <span class='ocrx_word' id='word_1_397' title='bbox 750 4153 828 4200; x_wconf 82' lang='lat' dir='ltr'><strong>quom</strong></span> <span class='ocrx_word' id='word_1_398' title='bbox 852 4138 1048 4204; x_wconf 80' lang='lat' dir='ltr'><strong>superiores</strong></span> <span class='ocrx_word' id='word_1_399' title='bbox 1069 4147 1245 4195; x_wconf 76' lang='lat' dir='ltr'><strong>cromatius</strong></span> <span class='ocrx_word' id='word_1_400' title='bbox 1264 4147 1309 4195; x_wconf 78' lang='lat' dir='ltr'><strong>‹ti-</strong></span> 
     </span>
     <span class='ocr_line' id='line_1_47' title="bbox 217 4195 1310 4278; baseline 0.015 -27"><span class='ocrx_word' id='word_1_401' title='bbox 217 4200 303 4251; x_wconf 59' lang='grc' dir='ltr'><strong>σιω*</strong></span> <span class='ocrx_word' id='word_1_402' title='bbox 322 4195 522 4267; x_wconf 79' lang='lat' dir='ltr'><strong>oppositiones</strong></span> <span class='ocrx_word' id='word_1_403' title='bbox 535 4215 592 4252; x_wconf 91' lang='lat' dir='ltr'><strong>non</strong></span> <span class='ocrx_word' id='word_1_404' title='bbox 601 4215 714 4272; x_wconf 82' lang='lat' dir='ltr'><strong>semper</strong></span> <span class='ocrx_word' id='word_1_405' title='bbox 722 4202 758 4255; x_wconf 86' lang='lat' dir='ltr'><strong>ad</strong></span> <span class='ocrx_word' id='word_1_406' title='bbox 769 4205 902 4259; x_wconf 82' lang='lat' dir='ltr'><strong>amussim</strong></span> <span class='ocrx_word' id='word_1_407' title='bbox 916 4208 1108 4278; x_wconf 69' lang='lat' dir='ltr'><strong>cameracus,</strong></span> <span class='ocrx_word' id='word_1_408' title='bbox 1126 4206 1230 4268; x_wconf 87' lang='lat' dir='ltr'><strong>docuit</strong></span> <span class='ocrx_word' id='word_1_409' title='bbox 1243 4213 1310 4267; x_wconf 83' lang='lat' dir='ltr'><strong>Por·</strong></span> 
     </span>
    </p>
   </div>
   <div class='ocr_carea' id='block_1_8' title="bbox 0 0 1367 5018">
    <p class='ocr_par' dir='ltr' id='par_1_14' title="bbox 0 0 1367 5018">
     <span class='ocr_line' id='line_1_48' title="bbox 0 0 1367 5018; baseline 0 0"><span class='ocrx_word' id='word_1_410' title='bbox 0 0 1367 5018; x_wconf 95' lang='lat' dir='ltr'><strong> </strong></span> 
     </span>
    </p>
   </div>
  </div>
 </body>
</html>
