<?xml version="1.0" encoding="UTF-8"?>
<!DOCTYPE html PUBLIC "-//W3C//DTD XHTML 1.0 Transitional//EN"
    "http://www.w3.org/TR/xhtml1/DTD/xhtml1-transitional.dtd">
<html xmlns="http://www.w3.org/1999/xhtml" xml:lang="en" lang="en">
 <head>
  <title>
</title>
<meta http-equiv="Content-Type" content="text/html;charset=utf-8" />
  <meta name='ocr-system' content='tesseract 3.04.00' />
  <meta name='ocr-capabilities' content='ocr_page ocr_carea ocr_par ocr_line ocrx_word'/>
</head>
<body>
  <div class='ocr_page' id='page_1' title='image "./mtulliiciceroni00cicegoog_0084.png"; bbox 0 0 2656 5018; ppageno 0'>
   <div class='ocr_carea' id='block_1_1' title="bbox 335 246 1176 350">
    <p class='ocr_par' dir='ltr' id='par_1_1' title="bbox 335 246 1176 350">
     <span class='ocr_line' id='line_1_1' title="bbox 335 246 1176 350; baseline 0.004 -5"><span class='ocrx_word' id='word_1_1' title='bbox 335 277 404 345; x_wconf 76' lang='lat' dir='ltr'>sn</span> <span class='ocrx_word' id='word_1_2' title='bbox 439 246 666 344; x_wconf 73' lang='lat' dir='ltr'>nussim</span> <span class='ocrx_word' id='word_1_3' title='bbox 700 276 939 344; x_wconf 83' lang='lat' dir='ltr'>usurun.</span> <span class='ocrx_word' id='word_1_4' title='bbox 1135 287 1176 350; x_wconf 71' lang='lat' dir='ltr'>ss</span> 
     </span>
    </p>
   </div>
   <div class='ocr_carea' id='block_1_2' title="bbox 94 432 1249 2156">
    <p class='ocr_par' dir='ltr' id='par_1_2' title="bbox 94 432 1249 2156">
     <span class='ocr_line' id='line_1_2' title="bbox 100 432 1240 522; baseline -0.002 -20"><span class='ocrx_word' id='word_1_5' title='bbox 100 435 163 506; x_wconf 86' lang='lat' dir='ltr'>Sed</span> <span class='ocrx_word' id='word_1_6' title='bbox 176 435 342 502; x_wconf 81' lang='lat' dir='ltr'>inventus</span> <span class='ocrx_word' id='word_1_7' title='bbox 364 432 519 522; x_wconf 86' lang='lat' dir='ltr'>pml&#39;ecto</span> <span class='ocrx_word' id='word_1_8' title='bbox 538 444 587 498; x_wconf 85' lang='lat' dir='ltr'>est</span> <span class='ocrx_word' id='word_1_9' title='bbox 603 432 661 499; x_wconf 85' lang='lat' dir='ltr'>itte</span> <span class='ocrx_word' id='word_1_10' title='bbox 681 433 862 520; x_wconf 88' lang='lat' dir='ltr'>eloquens,</span> <span class='ocrx_word' id='word_1_11' title='bbox 884 453 986 518; x_wconf 89' lang='lat' dir='ltr'>quem</span> <span class='ocrx_word' id='word_1_12' title='bbox 999 456 1176 521; x_wconf 84' lang='lat' dir='ltr'>nunquam</span> <span class='ocrx_word' id='word_1_13' title='bbox 1199 443 1240 506; x_wconf 83' lang='lat'>29</span> 
     </span>
     <span class='ocr_line' id='line_1_3' title="bbox 101 533 1179 625; baseline -0.002 -20"><span class='ocrx_word' id='word_1_14' title='bbox 101 541 177 605; x_wconf 80' lang='lat' dir='ltr'>vidit</span> <span class='ocrx_word' id='word_1_15' title='bbox 199 536 387 605; x_wconf 81' lang='lat' dir='ltr'>Antonius.</span> <span class='ocrx_word' id='word_1_16' title='bbox 441 533 530 622; x_wconf 85' lang='lat' dir='ltr'>Quis</span> <span class='ocrx_word' id='word_1_17' title='bbox 548 547 598 600; x_wconf 88' lang='lat' dir='ltr'>est</span> <span class='ocrx_word' id='word_1_18' title='bbox 617 534 722 623; x_wconf 85' lang='lat' dir='ltr'>igitur</span> <span class='ocrx_word' id='word_1_19' title='bbox 744 536 796 600; x_wconf 83' lang='lat' dir='ltr'>isi</span> <span class='ocrx_word' id='word_1_20' title='bbox 840 537 1054 625; x_wconf 78' lang='lat' dir='ltr'>Complector</span> <span class='ocrx_word' id='word_1_21' title='bbox 1071 538 1179 618; x_wconf 84' lang='lat' dir='ltr'>brevi,</span> 
     </span>
     <span class='ocr_line' id='line_1_4' title="bbox 99 637 1180 727; baseline -0.002 -19"><span class='ocrx_word' id='word_1_22' title='bbox 99 643 260 709; x_wconf 75' lang='lat' dir='ltr'><strong>disseram</strong></span> <span class='ocrx_word' id='word_1_23' title='bbox 280 638 448 727; x_wconf 79' lang='lat' dir='ltr'>pluribus.</span> <span class='ocrx_word' id='word_1_24' title='bbox 466 664 469 669; x_wconf 94' lang='lat'>·</span> <span class='ocrx_word' id='word_1_25' title='bbox 492 638 523 703; x_wconf 88' lang='lat' dir='ltr'>Is</span> <span class='ocrx_word' id='word_1_26' title='bbox 536 651 585 703; x_wconf 86' lang='lat' dir='ltr'>est</span> <span class='ocrx_word' id='word_1_27' title='bbox 601 639 692 704; x_wconf 91' lang='lat' dir='ltr'>enim</span> <span class='ocrx_word' id='word_1_28' title='bbox 707 637 880 723; x_wconf 91' lang='lat' dir='ltr'>eloquens,</span> <span class='ocrx_word' id='word_1_29' title='bbox 903 639 960 724; x_wconf 92' lang='lat' dir='ltr'>qui</span> <span class='ocrx_word' id='word_1_30' title='bbox 982 652 1016 704; x_wconf 88' lang='lat' dir='ltr'>et</span> <span class='ocrx_word' id='word_1_31' title='bbox 1035 641 1180 707; x_wconf 89' lang='lat' dir='ltr'>humilia</span> 
     </span>
     <span class='ocr_line' id='line_1_5' title="bbox 94 740 1182 832; baseline -0.002 -20"><span class='ocrx_word' id='word_1_32' title='bbox 94 745 271 812; x_wconf 80' lang='lat' dir='ltr'>subtiliter</span> <span class='ocrx_word' id='word_1_33' title='bbox 287 751 322 804; x_wconf 85' lang='lat' dir='ltr'>et</span> <span class='ocrx_word' id='word_1_34' title='bbox 336 761 460 824; x_wconf 81' lang='lat' dir='ltr'>magna</span> <span class='ocrx_word' id='word_1_35' title='bbox 474 740 621 826; x_wconf 86' lang='lat' dir='ltr'>graviter</span> <span class='ocrx_word' id='word_1_36' title='bbox 635 753 666 804; x_wconf 90' lang='lat' dir='ltr'>et</span> <span class='ocrx_word' id='word_1_37' title='bbox 679 740 860 806; x_wconf 83' lang='lat' dir='ltr'>mediocria</span> <span class='ocrx_word' id='word_1_38' title='bbox 873 751 1057 828; x_wconf 82' lang='lat' dir='ltr'>temperate</span> <span class='ocrx_word' id='word_1_39' title='bbox 1072 757 1182 832; x_wconf 82' lang='lat' dir='ltr'>potest</span> 
     </span>
     <span class='ocr_line' id='line_1_6' title="bbox 94 842 1241 933; baseline 0.003 -21"><span class='ocrx_word' id='word_1_40' title='bbox 94 847 222 912; x_wconf 85' lang='lat' dir='ltr'>dicere.</span> <span class='ocrx_word' id='word_1_41' title='bbox 264 842 439 922; x_wconf 82' lang='lat' dir='ltr'>Nemnis,</span> <span class='ocrx_word' id='word_1_42' title='bbox 460 842 602 929; x_wconf 79' lang='lat' dir='ltr'>inquies,</span> <span class='ocrx_word' id='word_1_43' title='bbox 624 864 772 928; x_wconf 84' lang='lat' dir='ltr'>unquam</span> <span class='ocrx_word' id='word_1_44' title='bbox 787 842 861 909; x_wconf 85' lang='lat' dir='ltr'>fuit.</span> <span class='ocrx_word' id='word_1_45' title='bbox 896 844 1072 910; x_wconf 84' lang='lat' dir='ltr'>Nefuen&#39;t.</span> <span class='ocrx_word' id='word_1_46' title='bbox 1106 847 1178 933; x_wconf 88' lang='lat' dir='ltr'>Ego</span> <span class='ocrx_word' id='word_1_47' title='bbox 1193 861 1241 915; x_wconf 89' lang='lat' dir='ltr'>tol</span> 
     </span>
     <span class='ocr_line' id='line_1_7' title="bbox 95 944 1182 1033; baseline 0.002 -21"><span class='ocrx_word' id='word_1_48' title='bbox 95 949 210 1029; x_wconf 90' lang='lat' dir='ltr'>enim,</span> <span class='ocrx_word' id='word_1_49' title='bbox 231 945 315 1033; x_wconf 89' lang='lat' dir='ltr'>quid</span> <span class='ocrx_word' id='word_1_50' title='bbox 328 945 535 1021; x_wconf 83' lang='lat' dir='ltr'>desiderem,</span> <span class='ocrx_word' id='word_1_51' title='bbox 557 967 645 1021; x_wconf 91' lang='lat' dir='ltr'>non,</span> <span class='ocrx_word' id='word_1_52' title='bbox 668 945 748 1029; x_wconf 90' lang='lat' dir='ltr'>quid</span> <span class='ocrx_word' id='word_1_53' title='bbox 763 944 925 1027; x_wconf 88' lang='lat' dir='ltr'>viderim,</span> <span class='ocrx_word' id='word_1_54' title='bbox 949 946 1098 1031; x_wconf 87' lang='lat' dir='ltr'>disputo,</span> <span class='ocrx_word' id='word_1_55' title='bbox 1119 972 1182 1014; x_wconf 85' lang='lat' dir='ltr'>ro-</span> 
     </span>
     <span class='ocr_line' id='line_1_8' title="bbox 98 1044 1182 1136; baseline -0.001 -20"><span class='ocrx_word' id='word_1_56' title='bbox 98 1053 237 1136; x_wconf 87' lang='lat' dir='ltr'>deoque</span> <span class='ocrx_word' id='word_1_57' title='bbox 255 1048 297 1114; x_wconf 78' lang='lat' dir='ltr'>ad</span> <span class='ocrx_word' id='word_1_58' title='bbox 319 1047 415 1111; x_wconf 88' lang='lat' dir='ltr'>illam</span> <span class='ocrx_word' id='word_1_59' title='bbox 430 1046 594 1128; x_wconf 89' lang='lat' dir='ltr'>Platonis,</span> <span class='ocrx_word' id='word_1_60' title='bbox 623 1047 747 1132; x_wconf 79' lang='lat' dir='ltr'>deque</span> <span class='ocrx_word' id='word_1_61' title='bbox 768 1044 941 1127; x_wconf 81' lang='lat' dir='ltr'>dixeram,</span> <span class='ocrx_word' id='word_1_62' title='bbox 962 1047 1013 1111; x_wconf 87' lang='lat' dir='ltr'>rei</span> <span class='ocrx_word' id='word_1_63' title='bbox 1035 1047 1182 1115; x_wconf 85' lang='lat' dir='ltr'>formam</span> 
     </span>
     <span class='ocr_line' id='line_1_9' title="bbox 105 1147 1184 1240; baseline -0.003 -22"><span class='ocrx_word' id='word_1_64' title='bbox 105 1165 142 1218; x_wconf 86' lang='lat' dir='ltr'>et</span> <span class='ocrx_word' id='word_1_65' title='bbox 158 1151 318 1240; x_wconf 86' lang='lat' dir='ltr'>speciem,</span> <span class='ocrx_word' id='word_1_66' title='bbox 343 1171 447 1234; x_wconf 85' lang='lat' dir='ltr'>quam</span> <span class='ocrx_word' id='word_1_67' title='bbox 464 1149 523 1213; x_wconf 88' lang='lat' dir='ltr'>etsi</span> <span class='ocrx_word' id='word_1_68' title='bbox 538 1172 606 1215; x_wconf 90' lang='lat' dir='ltr'>non</span> <span class='ocrx_word' id='word_1_69' title='bbox 624 1148 791 1214; x_wconf 85' lang='lat' dir='ltr'>ceruimus</span> <span class='ocrx_word' id='word_1_70' title='bbox 805 1158 917 1211; x_wconf 91' lang='lat' dir='ltr'>tamen</span> <span class='ocrx_word' id='word_1_71' title='bbox 938 1147 1051 1214; x_wconf 90' lang='lat' dir='ltr'>animo</span> <span class='ocrx_word' id='word_1_72' title='bbox 1069 1161 1184 1215; x_wconf 81' lang='lat' dir='ltr'>tenere</span> 
     </span>
     <span class='ocr_line' id='line_1_10' title="bbox 110 1252 1184 1343; baseline -0.004 -24"><span class='ocrx_word' id='word_1_73' title='bbox 110 1276 295 1343; x_wconf 84' lang='lat' dir='ltr'>possumus.</span> <span class='ocrx_word' id='word_1_74' title='bbox 339 1257 416 1324; x_wconf 89' lang='lat' dir='ltr'>Non</span> <span class='ocrx_word' id='word_1_75' title='bbox 449 1253 539 1319; x_wconf 91' lang='lat' dir='ltr'>enim</span> <span class='ocrx_word' id='word_1_76' title='bbox 568 1253 778 1338; x_wconf 90' lang='lat' dir='ltr'>eloquentem</span> <span class='ocrx_word' id='word_1_77' title='bbox 800 1271 925 1334; x_wconf 89' lang='lat' dir='ltr'>quaero</span> <span class='ocrx_word' id='word_1_78' title='bbox 948 1272 1061 1337; x_wconf 90' lang='lat' dir='ltr'>neque</span> <span class='ocrx_word' id='word_1_79' title='bbox 1082 1252 1184 1337; x_wconf 91' lang='lat' dir='ltr'>quid-</span> 
     </span>
     <span class='ocr_line' id='line_1_11' title="bbox 112 1351 1183 1441; baseline -0.003 -20"><span class='ocrx_word' id='word_1_80' title='bbox 112 1377 212 1441; x_wconf 84' lang='lat' dir='ltr'>quem</span> <span class='ocrx_word' id='word_1_81' title='bbox 231 1358 376 1422; x_wconf 86' lang='lat' dir='ltr'>mortale</span> <span class='ocrx_word' id='word_1_82' title='bbox 397 1368 432 1421; x_wconf 89' lang='lat' dir='ltr'>et</span> <span class='ocrx_word' id='word_1_83' title='bbox 451 1355 634 1428; x_wconf 83' lang='lat' dir='ltr'>caducum,</span> <span class='ocrx_word' id='word_1_84' title='bbox 669 1353 727 1418; x_wconf 91' lang='lat' dir='ltr'>sed</span> <span class='ocrx_word' id='word_1_85' title='bbox 753 1351 836 1416; x_wconf 91' lang='lat' dir='ltr'>illud</span> <span class='ocrx_word' id='word_1_86' title='bbox 860 1352 988 1440; x_wconf 89' lang='lat' dir='ltr'>ipsum,</span> <span class='ocrx_word' id='word_1_87' title='bbox 1014 1355 1106 1420; x_wconf 88' lang='lat' dir='ltr'>cuius</span> <span class='ocrx_word' id='word_1_88' title='bbox 1124 1354 1183 1440; x_wconf 90' lang='lat' dir='ltr'>qui</span> 
     </span>
     <span class='ocr_line' id='line_1_12' title="bbox 108 1453 1184 1546; baseline -0.002 -22"><span class='ocrx_word' id='word_1_89' title='bbox 108 1459 150 1524; x_wconf 85' lang='lat' dir='ltr'>sit</span> <span class='ocrx_word' id='word_1_90' title='bbox 165 1481 327 1546; x_wconf 86' lang='lat' dir='ltr'>compos,</span> <span class='ocrx_word' id='word_1_91' title='bbox 348 1458 392 1523; x_wconf 86' lang='lat' dir='ltr'>sit</span> <span class='ocrx_word' id='word_1_92' title='bbox 409 1458 582 1544; x_wconf 84' lang='lat' dir='ltr'>eloquens:</span> <span class='ocrx_word' id='word_1_93' title='bbox 621 1456 714 1542; x_wconf 93' lang='lat' dir='ltr'>quod</span> <span class='ocrx_word' id='word_1_94' title='bbox 735 1453 821 1518; x_wconf 88' lang='lat' dir='ltr'>nihil</span> <span class='ocrx_word' id='word_1_95' title='bbox 845 1466 895 1519; x_wconf 90' lang='lat' dir='ltr'>est</span> <span class='ocrx_word' id='word_1_96' title='bbox 913 1455 1003 1519; x_wconf 88' lang='lat' dir='ltr'>aliud</span> <span class='ocrx_word' id='word_1_97' title='bbox 1029 1457 1092 1521; x_wconf 87' lang='lat' dir='ltr'>nisi</span> <span class='ocrx_word' id='word_1_98' title='bbox 1112 1458 1184 1522; x_wconf 91' lang='lat' dir='ltr'>elo-</span> 
     </span>
     <span class='ocr_line' id='line_1_13' title="bbox 103 1556 1184 1649; baseline 0.001 -24"><span class='ocrx_word' id='word_1_99' title='bbox 103 1562 247 1648; x_wconf 84' lang='lat' dir='ltr'>quentia</span> <span class='ocrx_word' id='word_1_100' title='bbox 263 1559 356 1648; x_wconf 87' lang='lat' dir='ltr'>ipsa,</span> <span class='ocrx_word' id='word_1_101' title='bbox 384 1581 487 1648; x_wconf 89' lang='lat' dir='ltr'>quam</span> <span class='ocrx_word' id='word_1_102' title='bbox 511 1558 611 1624; x_wconf 86' lang='lat' dir='ltr'>nullis</span> <span class='ocrx_word' id='word_1_103' title='bbox 627 1557 690 1623; x_wconf 88' lang='lat' dir='ltr'>nisi</span> <span class='ocrx_word' id='word_1_104' title='bbox 705 1556 826 1622; x_wconf 82' lang='lat' dir='ltr'>mentis</span> <span class='ocrx_word' id='word_1_105' title='bbox 848 1557 950 1622; x_wconf 89' lang='lat' dir='ltr'>oculis</span> <span class='ocrx_word' id='word_1_106' title='bbox 965 1559 1089 1640; x_wconf 60' lang='lat' dir='ltr'>,videre</span> <span class='ocrx_word' id='word_1_107' title='bbox 1106 1582 1184 1649; x_wconf 89' lang='lat' dir='ltr'>pos-</span> 
     </span>
     <span class='ocr_line' id='line_1_14' title="bbox 103 1656 1186 1750; baseline -0.002 -21"><span class='ocrx_word' id='word_1_108' title='bbox 103 1687 236 1730; x_wconf 88' lang='lat' dir='ltr'>sumus.</span> <span class='ocrx_word' id='word_1_109' title='bbox 279 1662 312 1727; x_wconf 86' lang='lat' dir='ltr'>Is</span> <span class='ocrx_word' id='word_1_110' title='bbox 331 1661 395 1728; x_wconf 83' lang='lat' dir='ltr'>erit</span> <span class='ocrx_word' id='word_1_111' title='bbox 416 1662 522 1748; x_wconf 85' lang='lat' dir='ltr'>igitur</span> <span class='ocrx_word' id='word_1_112' title='bbox 533 1662 708 1748; x_wconf 89' lang='lat' dir='ltr'>eloquens,</span> <span class='ocrx_word' id='word_1_113' title='bbox 729 1662 782 1740; x_wconf 89' lang='lat' dir='ltr'>(ut</span> <span class='ocrx_word' id='word_1_114' title='bbox 804 1656 895 1724; x_wconf 86' lang='lat' dir='ltr'>idem</span> <span class='ocrx_word' id='word_1_115' title='bbox 914 1659 996 1726; x_wconf 90' lang='lat' dir='ltr'>iliud</span> <span class='ocrx_word' id='word_1_116' title='bbox 1012 1663 1186 1750; x_wconf 82' lang='lat' dir='ltr'>iteremus)</span> 
     </span>
     <span class='ocr_line' id='line_1_15' title="bbox 107 1759 1188 1854; baseline 0 -22"><span class='ocrx_word' id='word_1_117' title='bbox 107 1768 169 1854; x_wconf 90' lang='lat' dir='ltr'>qui</span> <span class='ocrx_word' id='word_1_118' title='bbox 185 1765 312 1854; x_wconf 87' lang='lat' dir='ltr'>poterit</span> <span class='ocrx_word' id='word_1_119' title='bbox 326 1785 431 1851; x_wconf 84' lang='lat' dir='ltr'>parva</span> <span class='ocrx_word' id='word_1_120' title='bbox 450 1763 645 1843; x_wconf 84' lang='lat' dir='ltr'>summisse,</span> <span class='ocrx_word' id='word_1_121' title='bbox 674 1759 807 1827; x_wconf 82' lang='lat' dir='ltr'>modica</span> <span class='ocrx_word' id='word_1_122' title='bbox 827 1771 1031 1850; x_wconf 85' lang='lat' dir='ltr'>temperate,</span> <span class='ocrx_word' id='word_1_123' title='bbox 1066 1786 1188 1850; x_wconf 88' lang='lat' dir='ltr'>magna</span> 
     </span>
     <span class='ocr_line' id='line_1_16' title="bbox 111 1861 1249 1953; baseline 0 -20"><span class='ocrx_word' id='word_1_124' title='bbox 111 1867 261 1953; x_wconf 83' lang='lat' dir='ltr'>graviter</span> <span class='ocrx_word' id='word_1_125' title='bbox 279 1866 400 1931; x_wconf 86' lang='lat' dir='ltr'>dicere.</span> <span class='ocrx_word' id='word_1_126' title='bbox 444 1868 532 1931; x_wconf 91' lang='lat' dir='ltr'>Tota</span> <span class='ocrx_word' id='word_1_127' title='bbox 550 1861 635 1928; x_wconf 91' lang='lat' dir='ltr'>mihi</span> <span class='ocrx_word' id='word_1_128' title='bbox 649 1885 746 1928; x_wconf 88' lang='lat' dir='ltr'>causa</span> <span class='ocrx_word' id='word_1_129' title='bbox 762 1883 824 1949; x_wconf 90' lang='lat' dir='ltr'>pro</span> <span class='ocrx_word' id='word_1_130' title='bbox 846 1863 988 1929; x_wconf 85' lang='lat' dir='ltr'>Caecina</span> <span class='ocrx_word' id='word_1_131' title='bbox 1009 1866 1051 1929; x_wconf 87' lang='lat' dir='ltr'>de</span> <span class='ocrx_word' id='word_1_132' title='bbox 1073 1868 1184 1935; x_wconf 85' lang='lat' dir='ltr'>verbis</span> <span class='ocrx_word' id='word_1_133' title='bbox 1198 1879 1249 1934; x_wconf 76' lang='lat'>102</span> 
     </span>
     <span class='ocr_line' id='line_1_17' title="bbox 113 1956 1187 2053; baseline -0.001 -19"><span class='ocrx_word' id='word_1_134' title='bbox 113 1966 284 2034; x_wconf 77' lang='lat' dir='ltr'>interdicti</span> <span class='ocrx_word' id='word_1_135' title='bbox 309 1967 392 2032; x_wconf 83' lang='lat' dir='ltr'>suit:</span> <span class='ocrx_word' id='word_1_136' title='bbox 435 1989 489 2031; x_wconf 87' lang='lat' dir='ltr'>res</span> <span class='ocrx_word' id='word_1_137' title='bbox 517 1966 685 2031; x_wconf 86' lang='lat' dir='ltr'>involutas</span> <span class='ocrx_word' id='word_1_138' title='bbox 714 1963 906 2030; x_wconf 88' lang='lat' dir='ltr'>definiendo</span> <span class='ocrx_word' id='word_1_139' title='bbox 932 1956 1187 2053; x_wconf 82' lang='lat' dir='ltr'>explicavimus,</span> 
     </span>
     <span class='ocr_line' id='line_1_18' title="bbox 109 2065 1189 2156; baseline 0.001 -20"><span class='ocrx_word' id='word_1_140' title='bbox 109 2070 161 2136; x_wconf 89' lang='lat' dir='ltr'>ius</span> <span class='ocrx_word' id='word_1_141' title='bbox 178 2070 280 2137; x_wconf 88' lang='lat' dir='ltr'>civile</span> <span class='ocrx_word' id='word_1_142' title='bbox 292 2067 528 2151; x_wconf 84' lang='lat' dir='ltr'>laudavimus,</span> <span class='ocrx_word' id='word_1_143' title='bbox 547 2065 655 2135; x_wconf 81' lang='lat' dir='ltr'>rerba</span> <span class='ocrx_word' id='word_1_144' title='bbox 672 2065 828 2156; x_wconf 84' lang='lat' dir='ltr'>ambigua</span> <span class='ocrx_word' id='word_1_145' title='bbox 846 2067 1068 2136; x_wconf 84' lang='lat' dir='ltr'>distinximus.</span> <span class='ocrx_word' id='word_1_146' title='bbox 1111 2069 1189 2137; x_wconf 84' lang='lat' dir='ltr'>Fuit</span> 
     </span>
    </p>
   </div>
   <div class='ocr_carea' id='block_1_3' title="bbox 110 2274 327 2292">
    <p class='ocr_par' dir='ltr' id='par_1_3' title="bbox 110 2274 327 2292">
     <span class='ocr_line' id='line_1_19' title="bbox 110 2274 327 2292; baseline -0.009 -1"><span class='ocrx_word' id='word_1_147' title='bbox 110 2274 327 2292; x_wconf 53' lang='lat' dir='ltr'>m</span> 
     </span>
    </p>
   </div>
   <div class='ocr_carea' id='block_1_4' title="bbox 116 2407 1198 3086">
    <p class='ocr_par' dir='ltr' id='par_1_4' title="bbox 116 2407 1193 2606">
     <span class='ocr_line' id='line_1_20' title="bbox 193 2407 1191 2479; baseline 0.002 -15"><span class='ocrx_word' id='word_1_148' title='bbox 193 2412 263 2478; x_wconf 82' lang='lat' dir='ltr'>Cap.</span> <span class='ocrx_word' id='word_1_149' title='bbox 280 2410 324 2465; x_wconf 79' lang='grc'><strong>29.</strong></span> <span class='ocrx_word' id='word_1_150' title='bbox 358 2411 466 2478; x_wconf 72' lang='lat' dir='ltr'>quiscat</span> <span class='ocrx_word' id='word_1_151' title='bbox 480 2407 640 2476; x_wconf 71' lang='lat' dir='ltr'>igiturisil</span> <span class='ocrx_word' id='word_1_152' title='bbox 666 2408 782 2479; x_wconf 77' lang='lat' dir='ltr'>quidest</span> <span class='ocrx_word' id='word_1_153' title='bbox 801 2407 904 2478; x_wconf 79' lang='lat' dir='ltr'>igitur?</span> <span class='ocrx_word' id='word_1_154' title='bbox 929 2409 1191 2477; x_wconf 83' lang='lat' dir='ltr'>Gompl.Ven.1.·-</span> 
     </span>
     <span class='ocr_line' id='line_1_21' title="bbox 118 2478 1193 2551; baseline -0.003 -20"><span class='ocrx_word' id='word_1_155' title='bbox 118 2482 193 2550; x_wconf 78' lang='lat' dir='ltr'>quod</span> <span class='ocrx_word' id='word_1_156' title='bbox 212 2480 367 2550; x_wconf 77' lang='lat' dir='ltr'>utigitur?</span> <span class='ocrx_word' id='word_1_157' title='bbox 381 2481 423 2530; x_wconf 78' lang='lat' dir='ltr'>sed</span> <span class='ocrx_word' id='word_1_158' title='bbox 437 2479 532 2549; x_wconf 84' lang='lat' dir='ltr'>compl.</span> <span class='ocrx_word' id='word_1_159' title='bbox 546 2478 611 2532; x_wconf 80' lang='lat' dir='ltr'>Tul.</span> <span class='ocrx_word' id='word_1_160' title='bbox 626 2479 695 2532; x_wconf 75' lang='lat' dir='ltr'>Vett-</span> <span class='ocrx_word' id='word_1_161' title='bbox 705 2481 774 2533; x_wconf 78' lang='grc'><strong>2.-</strong></span> <span class='ocrx_word' id='word_1_162' title='bbox 788 2480 899 2547; x_wconf 72' lang='lat' dir='ltr'>quiscat</span> <span class='ocrx_word' id='word_1_163' title='bbox 913 2479 1017 2548; x_wconf 77' lang='lat' dir='ltr'>igitur?</span> <span class='ocrx_word' id='word_1_164' title='bbox 1035 2482 1086 2532; x_wconf 73' lang='lat' dir='ltr'>Sed</span> <span class='ocrx_word' id='word_1_165' title='bbox 1099 2483 1193 2551; x_wconf 72' lang='lat' dir='ltr'>compl,</span> 
     </span>
     <span class='ocr_line' id='line_1_22' title="bbox 116 2553 204 2606; baseline 0.011 -4"><span class='ocrx_word' id='word_1_166' title='bbox 116 2553 204 2606; x_wconf 85' lang='lat' dir='ltr'>Mon.</span> 
     </span>
    </p>

    <p class='ocr_par' dir='ltr' id='par_1_5' title="bbox 116 2615 1193 2755">
     <span class='ocr_line' id='line_1_23' title="bbox 150 2615 1193 2684; baseline 0.003 -13"><span class='ocrx_word' id='word_1_167' title='bbox 150 2623 177 2671; x_wconf 80' lang='lat' dir='ltr'>is</span> <span class='ocrx_word' id='word_1_168' title='bbox 191 2629 234 2669; x_wconf 78' lang='lat' dir='ltr'>eet</span> <span class='ocrx_word' id='word_1_169' title='bbox 248 2617 334 2684; x_wconf 77' lang='lat' dir='ltr'>mim]</span> <span class='ocrx_word' id='word_1_170' title='bbox 351 2615 408 2674; x_wconf 85' lang='lat' dir='ltr'>vit.</span> <span class='ocrx_word' id='word_1_171' title='bbox 421 2617 476 2671; x_wconf 87' lang='lat' dir='ltr'>Dr.</span> <span class='ocrx_word' id='word_1_172' title='bbox 488 2617 557 2672; x_wconf 82' lang='lat' dir='ltr'>Ver.</span> <span class='ocrx_word' id='word_1_173' title='bbox 572 2618 597 2671; x_wconf 88' lang='lat'>1.</span> <span class='ocrx_word' id='word_1_174' title='bbox 614 2618 641 2670; x_wconf 79' lang='lat'>2.</span> <span class='ocrx_word' id='word_1_175' title='bbox 659 2615 738 2669; x_wconf 89' lang='lat' dir='ltr'>Med.</span> <span class='ocrx_word' id='word_1_176' title='bbox 751 2615 815 2669; x_wconf 87' lang='lat' dir='ltr'>Tul.</span> <span class='ocrx_word' id='word_1_177' title='bbox 829 2615 903 2668; x_wconf 88' lang='lat' dir='ltr'>Vict.</span> <span class='ocrx_word' id='word_1_178' title='bbox 917 2615 970 2671; x_wconf 88' lang='lat' dir='ltr'>Or.</span> <span class='ocrx_word' id='word_1_179' title='bbox 984 2616 1067 2674; x_wconf 82' lang='lat' dir='ltr'>Beier</span> <span class='ocrx_word' id='word_1_180' title='bbox 1080 2616 1118 2672; x_wconf 80' lang='lat' dir='ltr'>sd</span> <span class='ocrx_word' id='word_1_181' title='bbox 1135 2617 1193 2674; x_wconf 75' lang='lat' dir='ltr'>cto.</span> 
     </span>
     <span class='ocr_line' id='line_1_24' title="bbox 116 2685 893 2755; baseline 0 -16"><span class='ocrx_word' id='word_1_182' title='bbox 116 2690 176 2743; x_wconf 80' lang='lat' dir='ltr'>Off.</span> <span class='ocrx_word' id='word_1_183' title='bbox 190 2690 226 2739; x_wconf 89' lang='lat' dir='ltr'>T.</span> <span class='ocrx_word' id='word_1_184' title='bbox 240 2689 265 2743; x_wconf 71' lang='grc'><strong>2.</strong></span> <span class='ocrx_word' id='word_1_185' title='bbox 284 2704 311 2755; x_wconf 85' lang='lat' dir='ltr'>p.</span> <span class='ocrx_word' id='word_1_186' title='bbox 324 2687 429 2746; x_wconf 63' lang='lat'>152—</span> <span class='ocrx_word' id='word_1_187' title='bbox 443 2689 467 2736; x_wconf 78' lang='lat' dir='ltr'>is</span> <span class='ocrx_word' id='word_1_188' title='bbox 481 2688 549 2737; x_wconf 78' lang='lat' dir='ltr'>enim</span> <span class='ocrx_word' id='word_1_189' title='bbox 562 2697 601 2736; x_wconf 80' lang='lat' dir='ltr'>est</span> <span class='ocrx_word' id='word_1_190' title='bbox 613 2685 675 2737; x_wconf 70' lang='lat' dir='ltr'>illd.</span> <span class='ocrx_word' id='word_1_191' title='bbox 689 2689 713 2740; x_wconf 92' lang='lat'>1.</span> <span class='ocrx_word' id='word_1_192' title='bbox 732 2685 815 2738; x_wconf 85' lang='lat' dir='ltr'>Grut.</span> <span class='ocrx_word' id='word_1_193' title='bbox 829 2685 893 2740; x_wconf 84' lang='lat' dir='ltr'>sch.</span> 
     </span>
    </p>

    <p class='ocr_par' dir='ltr' id='par_1_6' title="bbox 151 2753 913 2824">
     <span class='ocr_line' id='line_1_25' title="bbox 151 2753 913 2824; baseline -0.004 -16"><span class='ocrx_word' id='word_1_194' title='bbox 151 2772 178 2810; x_wconf 74' lang='lat' dir='ltr'>et</span> <span class='ocrx_word' id='word_1_195' title='bbox 191 2755 327 2824; x_wconf 77' lang='lat' dir='ltr'>humilia]</span> <span class='ocrx_word' id='word_1_196' title='bbox 346 2772 402 2807; x_wconf 91' lang='lat' dir='ltr'>om.</span> <span class='ocrx_word' id='word_1_197' title='bbox 416 2767 441 2806; x_wconf 76' lang='lat' dir='ltr'>et</span> <span class='ocrx_word' id='word_1_198' title='bbox 455 2756 512 2805; x_wconf 89' lang='lat' dir='ltr'>Vit.</span> <span class='ocrx_word' id='word_1_199' title='bbox 528 2755 579 2806; x_wconf 90' lang='lat' dir='ltr'>Dr.</span> <span class='ocrx_word' id='word_1_200' title='bbox 594 2755 663 2807; x_wconf 88' lang='lat' dir='ltr'>Ven.</span> <span class='ocrx_word' id='word_1_201' title='bbox 676 2757 699 2810; x_wconf 92' lang='lat'>1.</span> <span class='ocrx_word' id='word_1_202' title='bbox 712 2756 738 2809; x_wconf 79' lang='lat'>2.</span> <span class='ocrx_word' id='word_1_203' title='bbox 756 2753 833 2806; x_wconf 89' lang='lat' dir='ltr'>Med.</span> <span class='ocrx_word' id='word_1_204' title='bbox 848 2753 913 2809; x_wconf 88' lang='lat' dir='ltr'>Tul.</span> 
     </span>
    </p>

    <p class='ocr_par' dir='ltr' id='par_1_7' title="bbox 120 2822 1198 3086">
     <span class='ocr_line' id='line_1_26' title="bbox 152 2822 1197 2895; baseline 0.001 -17"><span class='ocrx_word' id='word_1_205' title='bbox 152 2840 179 2878; x_wconf 78' lang='lat' dir='ltr'>es</span> <span class='ocrx_word' id='word_1_206' title='bbox 194 2829 317 2895; x_wconf 70' lang='lat' dir='ltr'>magna]</span> <span class='ocrx_word' id='word_1_207' title='bbox 334 2836 359 2875; x_wconf 76' lang='lat' dir='ltr'>et</span> <span class='ocrx_word' id='word_1_208' title='bbox 375 2824 434 2876; x_wconf 78' lang='lat' dir='ltr'>alta</span> <span class='ocrx_word' id='word_1_209' title='bbox 448 2825 502 2876; x_wconf 85' lang='lat' dir='ltr'>Gn.</span> <span class='ocrx_word' id='word_1_210' title='bbox 517 2824 542 2878; x_wconf 81' lang='grc'><strong>3.</strong></span> <span class='ocrx_word' id='word_1_211' title='bbox 561 2825 622 2880; x_wconf 84' lang='lat' dir='ltr'>Vct.</span> <span class='ocrx_word' id='word_1_212' title='bbox 635 2822 699 2876; x_wconf 87' lang='lat' dir='ltr'>Sch.</span> <span class='ocrx_word' id='word_1_213' title='bbox 715 2824 765 2877; x_wconf 86' lang='lat' dir='ltr'>Or.</span> <span class='ocrx_word' id='word_1_214' title='bbox 802 2824 942 2894; x_wconf 89' lang='lat' dir='ltr'>Equidem</span> <span class='ocrx_word' id='word_1_215' title='bbox 957 2841 1015 2878; x_wconf 87' lang='lat' dir='ltr'>non</span> <span class='ocrx_word' id='word_1_216' title='bbox 1031 2824 1123 2880; x_wconf 77' lang='lat' dir='ltr'>arides</span> <span class='ocrx_word' id='word_1_217' title='bbox 1136 2824 1197 2879; x_wconf 80' lang='lat' dir='ltr'>fere</span> 
     </span>
     <span class='ocr_line' id='line_1_27' title="bbox 120 2891 1198 2967; baseline 0.001 -20"><span class='ocrx_word' id='word_1_218' title='bbox 120 2896 274 2967; x_wconf 84' lang='lat' dir='ltr'>quidquam</span> <span class='ocrx_word' id='word_1_219' title='bbox 296 2894 424 2963; x_wconf 86' lang='lat' dir='ltr'>recipere</span> <span class='ocrx_word' id='word_1_220' title='bbox 447 2910 463 2944; x_wconf 87' lang='lat' dir='ltr'>e</span> <span class='ocrx_word' id='word_1_221' title='bbox 485 2893 540 2945; x_wconf 93' lang='lat' dir='ltr'>Gu.</span> <span class='ocrx_word' id='word_1_222' title='bbox 560 2892 586 2946; x_wconf 82' lang='lat' dir='ltr'>s.</span> <span class='ocrx_word' id='word_1_223' title='bbox 605 2891 650 2945; x_wconf 85' lang='lat' dir='ltr'>vel</span> <span class='ocrx_word' id='word_1_224' title='bbox 672 2894 733 2946; x_wconf 86' lang='lat' dir='ltr'>Vet.</span> <span class='ocrx_word' id='word_1_225' title='bbox 755 2893 871 2960; x_wconf 61' lang='lat' dir='ltr'>steph„</span> <span class='ocrx_word' id='word_1_226' title='bbox 895 2910 962 2950; x_wconf 89' lang='lat' dir='ltr'>cum</span> <span class='ocrx_word' id='word_1_227' title='bbox 982 2896 1092 2966; x_wconf 77' lang='lat' dir='ltr'>singulo</span> <span class='ocrx_word' id='word_1_228' title='bbox 1111 2912 1198 2966; x_wconf 82' lang='lat' dir='ltr'>prope</span> 
     </span>
     <span class='ocr_line' id='line_1_28' title="bbox 122 2959 1198 3084; baseline 0.004 -68"><span class='ocrx_word' id='word_1_229' title='bbox 122 2966 209 3017; x_wconf 78' lang='lat' dir='ltr'>verbe</span> <span class='ocrx_word' id='word_1_230' title='bbox 231 2963 374 3084; x_wconf 59' lang='lat' dir='ltr'>Ciqemnis</span> <span class='ocrx_word' id='word_1_231' title='bbox 393 2961 425 3014; x_wconf 87' lang='lat' dir='ltr'>iu</span> <span class='ocrx_word' id='word_1_232' title='bbox 446 2959 491 3014; x_wconf 81' lang='lat' dir='ltr'>hic</span> <span class='ocrx_word' id='word_1_233' title='bbox 508 2960 590 3016; x_wconf 89' lang='lat' dir='ltr'>codd.</span> <span class='ocrx_word' id='word_1_234' title='bbox 609 2970 658 3016; x_wconf 83' lang='lat' dir='ltr'>aut</span> <span class='ocrx_word' id='word_1_235' title='bbox 676 2961 761 3032; x_wconf 86' lang='lat' dir='ltr'>plane</span> <span class='ocrx_word' id='word_1_236' title='bbox 780 2979 915 3032; x_wconf 84' lang='lat' dir='ltr'>perversa</span> <span class='ocrx_word' id='word_1_237' title='bbox 940 2973 989 3019; x_wconf 83' lang='lat' dir='ltr'>sut</span> <span class='ocrx_word' id='word_1_238' title='bbox 1007 2965 1041 3018; x_wconf 85' lang='lat' dir='ltr'>ds</span> <span class='ocrx_word' id='word_1_239' title='bbox 1060 2964 1198 3020; x_wconf 79' lang='lat' dir='ltr'>industrie</span> 
     </span>
     <span class='ocr_line' id='line_1_29' title="bbox 125 3033 400 3086; baseline -0.004 0"><span class='ocrx_word' id='word_1_240' title='bbox 125 3033 268 3086; x_wconf 74' lang='lat' dir='ltr'>mutaturi</span> <span class='ocrx_word' id='word_1_241' title='bbox 288 3040 400 3085; x_wconf 84' lang='lat' dir='ltr'>eantur.</span> 
     </span>
    </p>
   </div>
   <div class='ocr_carea' id='block_1_5' title="bbox 121 3113 1229 4021">
    <p class='ocr_par' dir='ltr' id='par_1_8' title="bbox 122 3113 1200 3314">
     <span class='ocr_line' id='line_1_30' title="bbox 193 3113 1197 3187; baseline 0.002 -19"><span class='ocrx_word' id='word_1_242' title='bbox 193 3120 252 3175; x_wconf 83' lang='grc'><strong>101.</strong></span> <span class='ocrx_word' id='word_1_243' title='bbox 285 3115 433 3187; x_wconf 81' lang='lat' dir='ltr'>nefuerit]</span> <span class='ocrx_word' id='word_1_244' title='bbox 453 3114 594 3186; x_wconf 79' lang='lat' dir='ltr'>neesuerit</span> <span class='ocrx_word' id='word_1_245' title='bbox 609 3116 677 3171; x_wconf 64' lang='grc' dir='ltr'><strong>Ἴου.</strong></span> <span class='ocrx_word' id='word_1_246' title='bbox 693 3117 716 3172; x_wconf 87' lang='grc'><strong>1.</strong></span> <span class='ocrx_word' id='word_1_247' title='bbox 724 3119 750 3171; x_wconf 72' lang='grc'><strong>2.</strong></span> <span class='ocrx_word' id='word_1_248' title='bbox 769 3113 846 3170; x_wconf 84' lang='lat' dir='ltr'>Med.</span> <span class='ocrx_word' id='word_1_249' title='bbox 861 3116 943 3169; x_wconf 83' lang='lat' dir='ltr'>Atdd.</span> <span class='ocrx_word' id='word_1_250' title='bbox 953 3118 1069 3172; x_wconf 84' lang='lat' dir='ltr'>Tul.Ju.</span> <span class='ocrx_word' id='word_1_251' title='bbox 1079 3120 1197 3173; x_wconf 78' lang='lat' dir='ltr'>Crat.-</span> 
     </span>
     <span class='ocr_line' id='line_1_31' title="bbox 122 3184 1200 3310; baseline -0.001 -71"><span class='ocrx_word' id='word_1_252' title='bbox 122 3186 360 3310; x_wconf 45' lang='lat' dir='ltr'>nedpmGtuJums</span> <span class='ocrx_word' id='word_1_253' title='bbox 371 3187 424 3241; x_wconf 87' lang='lat' dir='ltr'>Dr.</span> <span class='ocrx_word' id='word_1_254' title='bbox 439 3187 499 3238; x_wconf 84' lang='lat' dir='ltr'>Vet.</span> <span class='ocrx_word' id='word_1_255' title='bbox 512 3213 547 3226; x_wconf 93' lang='lat'><em>-</em></span> <span class='ocrx_word' id='word_1_256' title='bbox 559 3187 654 3237; x_wconf 82' lang='lat' dir='ltr'>nedum</span> <span class='ocrx_word' id='word_1_257' title='bbox 665 3184 823 3256; x_wconf 80' lang='lat' dir='ltr'>cumsucris</span> <span class='ocrx_word' id='word_1_258' title='bbox 836 3186 892 3241; x_wconf 83' lang='lat' dir='ltr'>Gu·</span> <span class='ocrx_word' id='word_1_259' title='bbox 906 3186 932 3244; x_wconf 79' lang='lat' dir='ltr'>S.</span> <span class='ocrx_word' id='word_1_260' title='bbox 950 3189 1044 3240; x_wconf 73' lang='lat' dir='ltr'>nedum</span> <span class='ocrx_word' id='word_1_261' title='bbox 1057 3200 1087 3240; x_wconf 80' lang='lat' dir='ltr'>tu</span> <span class='ocrx_word' id='word_1_262' title='bbox 1100 3189 1200 3240; x_wconf 76' lang='lat' dir='ltr'>viderie</span> 
     </span>
     <span class='ocr_line' id='line_1_32' title="bbox 122 3261 286 3314; baseline 0 -4"><span class='ocrx_word' id='word_1_263' title='bbox 122 3261 164 3314; x_wconf 86' lang='lat' dir='ltr'>Co</span> <span class='ocrx_word' id='word_1_264' title='bbox 187 3295 195 3310; x_wconf 93' lang='lat'>.</span> <span class='ocrx_word' id='word_1_265' title='bbox 237 3274 257 3309; x_wconf 90' lang='lat' dir='ltr'>u</span> <span class='ocrx_word' id='word_1_266' title='bbox 278 3296 286 3311; x_wconf 94' lang='lat'>.</span> 
     </span>
    </p>

    <p class='ocr_par' dir='ltr' id='par_1_9' title="bbox 154 3323 592 3398">
     <span class='ocr_line' id='line_1_33' title="bbox 154 3323 592 3398; baseline 0.002 -20"><span class='ocrx_word' id='word_1_267' title='bbox 154 3329 223 3398; x_wconf 80' lang='lat' dir='ltr'>quid</span> <span class='ocrx_word' id='word_1_268' title='bbox 234 3323 394 3392; x_wconf 76' lang='lat' dir='ltr'>desiderem]</span> <span class='ocrx_word' id='word_1_269' title='bbox 413 3325 482 3392; x_wconf 86' lang='lat' dir='ltr'>quod</span> <span class='ocrx_word' id='word_1_270' title='bbox 492 3323 554 3378; x_wconf 74' lang='lat' dir='ltr'>Atd.</span> <span class='ocrx_word' id='word_1_271' title='bbox 565 3326 592 3380; x_wconf 72' lang='grc'><strong>2.</strong></span> 
     </span>
    </p>

    <p class='ocr_par' dir='ltr' id='par_1_10' title="bbox 155 3393 469 3460">
     <span class='ocr_line' id='line_1_34' title="bbox 155 3393 469 3460; baseline -0.01 -11"><span class='ocrx_word' id='word_1_272' title='bbox 155 3398 304 3458; x_wconf 81' lang='lat' dir='ltr'>dixeram]</span> <span class='ocrx_word' id='word_1_273' title='bbox 321 3411 348 3447; x_wconf 82' lang='lat' dir='ltr'>v.</span> <span class='ocrx_word' id='word_1_274' title='bbox 362 3408 388 3444; x_wconf 87' lang='lat' dir='ltr'>c.</span> <span class='ocrx_word' id='word_1_275' title='bbox 402 3393 428 3460; x_wconf 78' lang='grc'>8,</span> <span class='ocrx_word' id='word_1_276' title='bbox 443 3397 469 3453; x_wconf 86' lang='grc'><strong>9.</strong></span> 
     </span>
    </p>

    <p class='ocr_par' dir='ltr' id='par_1_11' title="bbox 122 3457 1229 3673">
     <span class='ocr_line' id='line_1_35' title="bbox 155 3457 1202 3534; baseline -0.002 -17"><span class='ocrx_word' id='word_1_277' title='bbox 155 3461 338 3534; x_wconf 75' lang='lat' dir='ltr'>eloquentem]</span> <span class='ocrx_word' id='word_1_278' title='bbox 361 3461 424 3515; x_wconf 82' lang='lat' dir='ltr'>add.</span> <span class='ocrx_word' id='word_1_279' title='bbox 441 3459 509 3516; x_wconf 72' lang='lat' dir='ltr'>&#39;Scin</span> <span class='ocrx_word' id='word_1_280' title='bbox 524 3457 670 3531; x_wconf 72' lang='lat' dir='ltr'>quisum&#39;t</span> <span class='ocrx_word' id='word_1_281' title='bbox 687 3480 709 3517; x_wconf 80' lang='lat' dir='ltr'>s.</span> <span class='ocrx_word' id='word_1_282' title='bbox 727 3463 773 3531; x_wconf 86' lang='lat' dir='ltr'>qui</span> <span class='ocrx_word' id='word_1_283' title='bbox 786 3460 885 3519; x_wconf 68' lang='lat' dir='ltr'>vixerit</span> <span class='ocrx_word' id='word_1_284' title='bbox 905 3462 955 3514; x_wconf 73' lang='lat' dir='ltr'>aut</span> <span class='ocrx_word' id='word_1_285' title='bbox 973 3459 1028 3530; x_wconf 79' lang='lat' dir='ltr'>leg·</span> <span class='ocrx_word' id='word_1_286' title='bbox 1048 3459 1125 3513; x_wconf 78' lang='lat' dir='ltr'>vult:</span> <span class='ocrx_word' id='word_1_287' title='bbox 1150 3478 1202 3515; x_wconf 64' lang='grc' dir='ltr'>που</span> 
     </span>
     <span class='ocr_line' id='line_1_36' title="bbox 122 3528 1200 3600; baseline -0.003 -15"><span class='ocrx_word' id='word_1_288' title='bbox 122 3537 192 3586; x_wconf 79' lang='lat' dir='ltr'>enim</span> <span class='ocrx_word' id='word_1_289' title='bbox 212 3534 343 3584; x_wconf 71' lang='lat' dir='ltr'>hominem</span> <span class='ocrx_word' id='word_1_290' title='bbox 367 3549 472 3600; x_wconf 80' lang='lat' dir='ltr'>quaero.</span> <span class='ocrx_word' id='word_1_291' title='bbox 492 3558 528 3574; x_wconf 63' lang='grc' dir='ltr'>-ν-</span> <span class='ocrx_word' id='word_1_292' title='bbox 548 3549 599 3581; x_wconf 80' lang='lat' dir='ltr'>non</span> <span class='ocrx_word' id='word_1_293' title='bbox 619 3532 687 3581; x_wconf 79' lang='lat' dir='ltr'>enim</span> <span class='ocrx_word' id='word_1_294' title='bbox 710 3551 790 3582; x_wconf 83' lang='lat' dir='ltr'>unum</span> <span class='ocrx_word' id='word_1_295' title='bbox 812 3529 970 3599; x_wconf 76' lang='lat' dir='ltr'>eloquentem</span> <span class='ocrx_word' id='word_1_296' title='bbox 983 3551 1009 3599; x_wconf 88' lang='lat' dir='ltr'>q.</span> <span class='ocrx_word' id='word_1_297' title='bbox 1032 3528 1081 3584; x_wconf 87' lang='lat' dir='ltr'>Or.</span> <span class='ocrx_word' id='word_1_298' title='bbox 1097 3531 1200 3600; x_wconf 69' lang='lat' dir='ltr'>auspic.</span> 
     </span>
     <span class='ocr_line' id='line_1_37' title="bbox 123 3597 1229 3673; baseline 0.005 -23"><span class='ocrx_word' id='word_1_299' title='bbox 123 3603 160 3658; x_wconf 75' lang='lat' dir='ltr'>cf,</span> <span class='ocrx_word' id='word_1_300' title='bbox 169 3599 402 3673; x_wconf 74' lang='lat' dir='ltr'>§123,-‚,haec</span> <span class='ocrx_word' id='word_1_301' title='bbox 414 3603 483 3650; x_wconf 81' lang='lat' dir='ltr'>enim</span> <span class='ocrx_word' id='word_1_302' title='bbox 496 3602 630 3669; x_wconf 76' lang='lat' dir='ltr'>sapientia</span> <span class='ocrx_word' id='word_1_303' title='bbox 643 3602 758 3651; x_wconf 79' lang='lat' dir='ltr'>maxime</span> <span class='ocrx_word' id='word_1_304' title='bbox 770 3600 922 3650; x_wconf 71' lang='lat' dir='ltr'>adhibenda</span> <span class='ocrx_word' id='word_1_305' title='bbox 936 3598 1065 3667; x_wconf 80' lang='lat' dir='ltr'>eloquenti</span> <span class='ocrx_word' id='word_1_306' title='bbox 1078 3605 1136 3653; x_wconf 57' lang='lat' dir='ltr'>esd·</span> <span class='ocrx_word' id='word_1_307' title='bbox 1148 3611 1202 3659; x_wconf 72' lang='lat' dir='ltr'>ete.</span> <span class='ocrx_word' id='word_1_308' title='bbox 1219 3597 1229 3613; x_wconf 67' lang='lat'><strong>⁴</strong></span> 
     </span>
    </p>

    <p class='ocr_par' dir='ltr' id='par_1_12' title="bbox 156 3669 1030 3740">
     <span class='ocr_line' id='line_1_38' title="bbox 156 3669 1030 3740; baseline -0.002 -16"><span class='ocrx_word' id='word_1_309' title='bbox 156 3675 235 3724; x_wconf 82' lang='lat' dir='ltr'>cuius</span> <span class='ocrx_word' id='word_1_310' title='bbox 248 3672 296 3740; x_wconf 84' lang='lat' dir='ltr'>qui</span> <span class='ocrx_word' id='word_1_311' title='bbox 308 3690 330 3722; x_wconf 86' lang='lat' dir='ltr'>s.</span> <span class='ocrx_word' id='word_1_312' title='bbox 343 3680 367 3722; x_wconf 76' lang='lat' dir='ltr'>t.</span> <span class='ocrx_word' id='word_1_313' title='bbox 381 3688 403 3722; x_wconf 84' lang='lat' dir='ltr'>s.</span> <span class='ocrx_word' id='word_1_314' title='bbox 415 3669 516 3739; x_wconf 83' lang='lat' dir='ltr'>cloqu.]</span> <span class='ocrx_word' id='word_1_315' title='bbox 536 3671 712 3738; x_wconf 80' lang='lat' dir='ltr'>cuiuscunque</span> <span class='ocrx_word' id='word_1_316' title='bbox 728 3671 766 3720; x_wconf 78' lang='lat' dir='ltr'>sit</span> <span class='ocrx_word' id='word_1_317' title='bbox 779 3671 952 3738; x_wconf 78' lang='lat' dir='ltr'>compositum</span> <span class='ocrx_word' id='word_1_318' title='bbox 965 3669 1030 3722; x_wconf 86' lang='lat' dir='ltr'>Vet.</span> 
     </span>
    </p>

    <p class='ocr_par' dir='ltr' id='par_1_13' title="bbox 157 3738 1151 3808">
     <span class='ocr_line' id='line_1_39' title="bbox 157 3738 1151 3808; baseline -0.004 -17"><span class='ocrx_word' id='word_1_319' title='bbox 157 3740 248 3808; x_wconf 66' lang='lat' dir='ltr'>sitit]</span> <span class='ocrx_word' id='word_1_320' title='bbox 266 3739 335 3790; x_wconf 74' lang='lat' dir='ltr'>miti</span> <span class='ocrx_word' id='word_1_321' title='bbox 345 3738 415 3791; x_wconf 79' lang='lat' dir='ltr'>Vett.¹</span> <span class='ocrx_word' id='word_1_322' title='bbox 429 3741 454 3791; x_wconf 87' lang='lat'>1.</span> <span class='ocrx_word' id='word_1_323' title='bbox 1148 3783 1151 3787; x_wconf 82' lang='lat'>.</span> 
     </span>
    </p>

    <p class='ocr_par' dir='ltr' id='par_1_14' title="bbox 121 3805 1205 4021">
     <span class='ocr_line' id='line_1_40' title="bbox 158 3805 1205 3874; baseline 0.001 -13"><span class='ocrx_word' id='word_1_324' title='bbox 158 3812 231 3861; x_wconf 75' lang='lat' dir='ltr'>idem</span> <span class='ocrx_word' id='word_1_325' title='bbox 251 3806 337 3874; x_wconf 77' lang='lat' dir='ltr'>iHud]</span> <span class='ocrx_word' id='word_1_326' title='bbox 365 3805 434 3860; x_wconf 82' lang='lat' dir='ltr'>illud</span> <span class='ocrx_word' id='word_1_327' title='bbox 449 3809 518 3861; x_wconf 71' lang='lat' dir='ltr'>idem</span> <span class='ocrx_word' id='word_1_328' title='bbox 535 3807 589 3862; x_wconf 82' lang='lat' dir='ltr'>Dr.</span> <span class='ocrx_word' id='word_1_329' title='bbox 607 3807 690 3862; x_wconf 91' lang='lat' dir='ltr'>Mou.</span> <span class='ocrx_word' id='word_1_330' title='bbox 708 3805 790 3863; x_wconf 77' lang='lat' dir='ltr'>utdd.</span> <span class='ocrx_word' id='word_1_331' title='bbox 808 3806 854 3864; x_wconf 79' lang='lat' dir='ltr'>iu.</span> <span class='ocrx_word' id='word_1_332' title='bbox 875 3806 1047 3864; x_wconf 74' lang='lat' dir='ltr'>crst.1..-</span> <span class='ocrx_word' id='word_1_333' title='bbox 1064 3825 1122 3865; x_wconf 82' lang='lat' dir='ltr'>cm.</span> <span class='ocrx_word' id='word_1_334' title='bbox 1136 3809 1205 3862; x_wconf 69' lang='lat' dir='ltr'>itus</span> 
     </span>
     <span class='ocr_line' id='line_1_41' title="bbox 126 3875 456 3935; baseline -0.012 -4"><span class='ocrx_word' id='word_1_335' title='bbox 126 3879 198 3934; x_wconf 76' lang='lat' dir='ltr'>ven.</span> <span class='ocrx_word' id='word_1_336' title='bbox 211 3882 237 3935; x_wconf 92' lang='lat'>1.</span> <span class='ocrx_word' id='word_1_337' title='bbox 250 3880 278 3933; x_wconf 78' lang='lat'>2.</span> <span class='ocrx_word' id='word_1_338' title='bbox 297 3876 376 3929; x_wconf 85' lang='lat' dir='ltr'>Med.</span> <span class='ocrx_word' id='word_1_339' title='bbox 390 3875 456 3929; x_wconf 87' lang='lat' dir='ltr'>Tul.</span> 
     </span>
     <span class='ocr_line' id='line_1_42' title="bbox 121 3945 484 4021; baseline 0.008 -23"><span class='ocrx_word' id='word_1_340' title='bbox 121 4010 126 4021; x_wconf 30' lang='grc' dir='ltr'><strong><em>ι</em></strong></span> <span class='ocrx_word' id='word_1_341' title='bbox 160 3945 277 4016; x_wconf 80' lang='lat' dir='ltr'>poterit]</span> <span class='ocrx_word' id='word_1_342' title='bbox 293 3947 484 4015; x_wconf 79' lang='lat' dir='ltr'>poterieMan.</span> 
     </span>
    </p>
   </div>
   <div class='ocr_carea' id='block_1_6' title="bbox 179 4035 1205 4108">
    <p class='ocr_par' dir='ltr' id='par_1_15' title="bbox 179 4035 1205 4108">
     <span class='ocr_line' id='line_1_43' title="bbox 179 4035 1205 4108; baseline -0.005 -16"><span class='ocrx_word' id='word_1_343' title='bbox 179 4039 260 4094; x_wconf 71' lang='lat'>¹102.</span> <span class='ocrx_word' id='word_1_344' title='bbox 297 4036 428 4106; x_wconf 77' lang='lat' dir='ltr'>Caecina]</span> <span class='ocrx_word' id='word_1_345' title='bbox 456 4054 512 4108; x_wconf 82' lang='lat' dir='ltr'>qua</span> <span class='ocrx_word' id='word_1_346' title='bbox 527 4037 562 4089; x_wconf 85' lang='lat' dir='ltr'>ds</span> <span class='ocrx_word' id='word_1_347' title='bbox 580 4035 759 4104; x_wconf 70' lang='lat' dir='ltr'>scripturus.</span> <span class='ocrx_word' id='word_1_348' title='bbox 775 4035 921 4106; x_wconf 73' lang='lat' dir='ltr'>spuunt</span> <span class='ocrx_word' id='word_1_349' title='bbox 961 4046 1000 4092; x_wconf 87' lang='lat' dir='ltr'>ut.</span> <span class='ocrx_word' id='word_1_350' title='bbox 1013 4041 1039 4093; x_wconf 77' lang='lat'>2.</span> <span class='ocrx_word' id='word_1_351' title='bbox 1058 4055 1085 4107; x_wconf 83' lang='lat' dir='ltr'>p·</span> <span class='ocrx_word' id='word_1_352' title='bbox 1102 4038 1162 4092; x_wconf 76' lang='lat'>268.</span> <span class='ocrx_word' id='word_1_353' title='bbox 1176 4043 1205 4088; x_wconf 88' lang='lat' dir='ltr'>et</span> 
     </span>
    </p>
   </div>
   <div class='ocr_carea' id='block_1_7' title="bbox 128 4039 1206 4231">
    <p class='ocr_par' dir='ltr' id='par_1_16' title="bbox 128 4039 1206 4231">
     <span class='ocr_line' id='line_1_44' title="bbox 128 4039 1206 4174; baseline -0.003 -11"><span class='ocrx_word' id='word_1_354' title='bbox 128 4108 189 4164; x_wconf 76' lang='lat'>286.</span> <span class='ocrx_word' id='word_1_355' title='bbox 213 4104 347 4160; x_wconf 82' lang='lat' dir='ltr'>Schneid.</span> <span class='ocrx_word' id='word_1_356' title='bbox 366 4106 399 4160; x_wconf 92' lang='lat' dir='ltr'>L.</span> <span class='ocrx_word' id='word_1_357' title='bbox 420 4107 456 4160; x_wconf 91' lang='lat' dir='ltr'>G.</span> <span class='ocrx_word' id='word_1_358' title='bbox 479 4108 512 4160; x_wconf 91' lang='grc' dir='ltr'>Τ.</span> <span class='ocrx_word' id='word_1_359' title='bbox 526 4111 550 4167; x_wconf 88' lang='grc'><strong>1.</strong></span> <span class='ocrx_word' id='word_1_360' title='bbox 568 4123 595 4174; x_wconf 83' lang='lat' dir='ltr'>p.</span> <span class='ocrx_word' id='word_1_361' title='bbox 607 4106 668 4161; x_wconf 76' lang='lat'>423.</span> <span class='ocrx_word' id='word_1_362' title='bbox 682 4133 716 4146; x_wconf 93' lang='lat'><em>-</em></span> <span class='ocrx_word' id='word_1_363' title='bbox 736 4107 869 4160; x_wconf 72' lang='lat' dir='ltr'>emim</span> <span class='ocrx_word' id='word_1_364' title='bbox 888 4039 966 4170; x_wconf 46' lang='lat' dir='ltr'>Maii.</span> <span class='ocrx_word' id='word_1_365' title='bbox 981 4107 1045 4161; x_wconf 84' lang='lat' dir='ltr'>Tul·</span> <span class='ocrx_word' id='word_1_366' title='bbox 1058 4133 1094 4149; x_wconf 84' lang='lat'>-·</span> <span class='ocrx_word' id='word_1_367' title='bbox 1110 4107 1206 4161; x_wconf 66' lang='lat' dir='ltr'>cenna</span> 
     </span>
     <span class='ocr_line' id='line_1_45' title="bbox 131 4174 820 4231; baseline -0.01 -1"><span class='ocrx_word' id='word_1_368' title='bbox 131 4179 182 4230; x_wconf 86' lang='lat' dir='ltr'>Dr.</span> <span class='ocrx_word' id='word_1_369' title='bbox 201 4178 280 4229; x_wconf 77' lang='lat' dir='ltr'>Crat.</span> <span class='ocrx_word' id='word_1_370' title='bbox 294 4175 368 4231; x_wconf 85' lang='lat' dir='ltr'>vict.</span> <span class='ocrx_word' id='word_1_371' title='bbox 382 4203 419 4216; x_wconf 91' lang='lat'>-·</span> <span class='ocrx_word' id='word_1_372' title='bbox 442 4179 554 4227; x_wconf 71' lang='lat' dir='ltr'>Cetium</span> <span class='ocrx_word' id='word_1_373' title='bbox 565 4176 622 4229; x_wconf 86' lang='lat' dir='ltr'>vtt.</span> <span class='ocrx_word' id='word_1_374' title='bbox 637 4174 719 4227; x_wconf 79' lang='lat' dir='ltr'>Aldd.</span> <span class='ocrx_word' id='word_1_375' title='bbox 735 4174 768 4224; x_wconf 88' lang='lat' dir='ltr'>L.</span> <span class='ocrx_word' id='word_1_376' title='bbox 784 4203 820 4216; x_wconf 91' lang='lat'><em>-</em></span> 
     </span>
    </p>
   </div>
   <div class='ocr_carea' id='block_1_8' title="bbox 168 4243 873 4317">
    <p class='ocr_par' dir='ltr' id='par_1_17' title="bbox 168 4243 873 4317">
     <span class='ocr_line' id='line_1_46' title="bbox 168 4243 873 4317; baseline -0.004 -16"><span class='ocrx_word' id='word_1_377' title='bbox 168 4247 281 4301; x_wconf 76' lang='lat' dir='ltr'>Caecina</span> <span class='ocrx_word' id='word_1_378' title='bbox 295 4246 329 4297; x_wconf 82' lang='lat' dir='ltr'>dc</span> <span class='ocrx_word' id='word_1_379' title='bbox 341 4263 366 4302; x_wconf 86' lang='lat' dir='ltr'>u.</span> <span class='ocrx_word' id='word_1_380' title='bbox 378 4245 398 4298; x_wconf 88' lang='lat' dir='ltr'>i.</span> <span class='ocrx_word' id='word_1_381' title='bbox 404 4243 488 4317; x_wconf 77' lang='lat' dir='ltr'>suit]</span> <span class='ocrx_word' id='word_1_382' title='bbox 509 4246 623 4301; x_wconf 65' lang='lat' dir='ltr'>&amp;ciana</span> <span class='ocrx_word' id='word_1_383' title='bbox 638 4243 798 4315; x_wconf 81' lang='lat' dir='ltr'>reverasuit</span> <span class='ocrx_word' id='word_1_384' title='bbox 811 4245 873 4302; x_wconf 76' lang='lat' dir='ltr'>vn.</span> 
     </span>
    </p>
   </div>
   <div class='ocr_carea' id='block_1_9' title="bbox 0 0 1364 5018">
    <p class='ocr_par' dir='ltr' id='par_1_18' title="bbox 0 0 1364 5018">
     <span class='ocr_line' id='line_1_47' title="bbox 0 0 1364 5018; baseline 0 0"><span class='ocrx_word' id='word_1_385' title='bbox 0 0 1364 5018; x_wconf 95' lang='lat' dir='ltr'> </span> 
     </span>
    </p>
   </div>
  </div>
 </body>
</html>
