2692 5018
161 304 223 368 140
307 288 309 293 '
594 292 812 367 ORATOR

159 473 229 519 non
249 458 307 540 pes
332 449 483 518 habetur.
527 450 589 518 Est
610 446 763 539 quidem,
793 459 832 515 ut
854 449 945 516 inter
967 473 1087 518 omnes
1108 466 1241 522 constat

160 554 339 640 antiquos,
378 554 609 634 Aristotelem,
654 553 944 642 Theophrastum,
993 541 1241 636 Theodectem,

162 657 357 742 Ephorum,
402 679 491 720 unas
527 654 716 742 aptissimus
749 655 892 720 orationi
928 657 979 720 vel
1017 657 1139 722 orienti
1184 661 1243 723 vel

162 757 314 840 mediae3
335 769 457 844 putant
477 757 526 821 illi
541 757 638 822 etiam
661 757 808 829 cadenti,
824 780 889 843 quo
911 759 983 824 loco
1003 759 1084 822 milri
1106 759 1243 825 videtur

163 860 274 946 aptior
308 859 458 925 creticus.
513 856 698 923 Dochmius
727 868 838 923 autern
868 881 887 922 e
916 859 1065 945 quinque
1093 862 1244 949 syllabis,

163 956 280 1041 brevi,
303 960 433 1024 duabus
453 961 578 1048 longis,
601 959 712 1039 brevi,
736 960 835 1044 longa
857 971 897 1023 ut
923 971 972 1024 est
994 960 1072 1040 hoc,
1094 962 1244 1027 Amicos

166 1072 259 1128 tenes
281 1063 399 1148 quovis
421 1065 495 1128 loeo
516 1074 615 1151 aptus
637 1072 699 1140 est,
722 1061 803 1127 dum
823 1063 928 1126 semel
949 1077 1111 1150 portaturi
1137 1064 1245 1127 itera·
1269 1098 1272 1105 ·

166 1173 219 1229 tus
247 1175 305 1229 sut
333 1162 543 1230 continuatus
570 1183 753 1228 numerum
781 1174 932 1250 apertum
964 1175 997 1228 et
1027 1164 1126 1227 nimis
1155 1160 1252 1228 insi-⁸

102 1263 146 1335 66
166 1288 265 1355 gaem
288 1264 377 1334 facit.
420 1265 479 1331 His
499 1264 602 1354 igitur
620 1276 671 1352 tot
687 1265 1002 1330 commutationibus
1024 1278 1163 1353 tamque
1177 1291 1255 1330 νει-ν.

102 1370 228 1435 219riis
251 1368 279 1433 si
309 1380 466 1444 utemur,
498 1389 561 1432 neo
593 1365 865 1457 deprehendetur
891 1365 1084 1451 manifesto,
1116 1368 1244 1452 quida

166 1469 264 1538 nobis
285 1470 327 1536 de
347 1467 510 1536 industria
530 1467 608 1552 fiat,
630 1481 664 1534 et
685 1479 883 1535 occurretur
903 1466 1055 1535 satietati.
1097 1471 1139 1535 Et
1161 1470 1243 1553 quia

164 1594 234 1639 noa
263 1593 407 1636 numero
437 1572 545 1636 solum
574 1591 756 1635 numerosa
783 1569 905 1648 oratio,
936 1571 993 1635 sed
1016 1583 1050 1635 et
1072 1570 1240 1660 composi-

166 1675 258 1738 tione
278 1672 316 1736 fit
342 1684 376 1738 et
397 1694 520 1757 genere
541 1671 644 1759 (quod
667 1683 745 1736 ante
766 1669 969 1752 dictumest)
992 1672 1240 1738 concinnitatis:

166 1769 409 1864 compositione
435 1785 544 1863 potest
573 1773 732 1858 intelligi,
776 1796 853 1837 aum
890 1774 934 1837 ita
969 1786 1097 1838 structa
1134 1774 1250 1857 verba

166 1890 263 1957 sunt,
290 1889 328 1942 ut
348 1898 506 1943 numerus
529 1899 597 1941 non
620 1874 808 1960 quaesitus,
837 1873 893 1936 sed
917 1874 989 1963 ipse
1010 1887 1147 1940 secutus
1171 1898 1245 1940 esse

167 1981 343 2061 videatur,
364 1989 401 2044 ut
423 1981 511 2067 apud
534 1979 707 2045 Crassum:
728 1974 828 2044 Nam
853 1975 914 2042 abi
937 1978 1052 2045 lubido
1076 1978 1245 2046 domina-

130 2215 134 2230 Ι
171 2226 379 2244 ,0-

205 2423 252 2474 pes
268 2402 394 2471 habetur]
413 2423 459 2474 pes
473 2405 641 2454 existimatur
653 2400 720 2457 Rus.
732 2431 767 2442 -
779 2422 827 2474 pes
839 2405 990 2456 nominatur
1008 2403 1076 2458 Ruf.
1091 2422 1119 2474 p.
1128 2402 1209 2460 2724.

208 2485 248 2523 est
261 2472 378 2540 quitiam]
400 2485 426 2522 et
440 2476 542 2540 quidem
554 2475 606 2524 Dr.

209 2543 397 2609 Theodectem]
416 2541 563 2591 theodotum
579 2540 635 2595 Vit.
646 2568 681 2581 -
696 2541 861 2593 theorias-tum
879 2542 931 2594 Dr.

205 2622 302 2678 putant
314 2609 372 2677 illi]
394 2627 448 2661 orn.
462 2610 505 2660 itti
517 2609 584 2662 nat.
619 2615 622 2630 '

208 2680 362 2745 dochiaius]
380 2679 514 2729 doshimus
527 2691 614 2729 aretem
629 2688 669 2728 est
683 2697 697 2728 e
709 2676 765 2730 Vit.
778 2707 814 2718 -
828 2679 975 2730 ricchimirus
987 2679 1038 2732 Dr.
1048 2680 1116 2733 Ven.
1135 2678 1245 2733 1.Metl.

173 2765 200 2798 v.
216 2746 309 2815 Spald.
325 2748 359 2797 sd
374 2748 489 2816 Quinct.
507 2749 562 2810 IX,
579 2747 611 2814 4,
629 2749 671 2800 79.
693 2763 721 2815 p·
740 2749 799 2802 588.
813 2776 848 2787 -
863 2749 997 2799 docltmius
1011 2761 1098 2798 autem
1118 2770 1132 2799 e
1152 2770 1178 2817 a.
1195 2749 1248 2801 sst-

173 2816 244 2868 labis
264 2817 335 2866 brevi
348 2827 373 2865 et
385 2817 486 2866 duabus
499 2815 604 2885 longis,
630 2817 701 2868 brevi
716 2828 742 2868 et
755 2816 852 2887 ionga,
870 2817 919 2868 isac
932 2830 969 2868 est
980 2819 1081 2868 amicos
1104 2829 1176 2868 tenes
1196 2807 1248 2886 (is-

173 2904 236 2934 nens
249 2901 293 2951 sp.
314 2882 401 2949 Pith.)

208 2989 339 3020 numerum
354 2975 491 3038 apertum]
510 2982 600 3035 aptum
614 2970 684 3026 Ven.
705 2972 732 3026 2.
754 2971 819 3024 Tul.
841 2998 876 3011 -
897 2970 1045 3022 ‹icelimium
1068 2983 1162 3039 aptum
1181 2974 1249 3022 elicit

173 3042 264 3109 quovis
280 3039 336 3089 losa
358 3059 427 3103 ease,
452 3042 512 3090 sliam
539 3039 616 3092 semel
635 3053 766 3109 ponatur:
784 3043 907 3111 quoniam
931 3041 1093 3091 continuitas
1114 3059 1249 3092 numerum

173 3127 330 3176 asperum
348 3105 456 3175 officiat.
473 3106 540 3162 Itut.

207 3179 287 3230 nimis
302 3179 449 3248 insignem]
466 3180 551 3230 minus
568 3180 618 3231 ins.
634 3177 686 3231 Dr.

243 3315 311 3384 Gap.
330 3313 373 3370 65·
408 3315 468 3368 219.
504 3326 529 3366 et
543 3317 606 3384 quia
621 3333 673 3365 non
687 3315 813 3382 numero]
830 3327 856 3366 et
872 3317 998 3384 quianon
1012 3318 1248 3366 numerosaoratia

174 3385 221 3436 setl
235 3397 259 3435 st
276 3385 464 3451 catiiposttiane
475 3395 500 3434 st
513 3402 607 3453 genere
620 3384 673 3437 Dr.
688 3413 722 3425 —
735 3398 760 3436 et
777 3387 840 3453 quia
854 3406 921 3435 nane
934 3403 1072 3435 numerosa
1094 3387 1183 3434 oratio
1204 3387 1250 3433 sed

173 3466 198 3504 et
213 3473 235 3508 c.
245 3453 357 3524 [ηις.
376 3452 446 3508 Ven.
462 3455 486 3508 l.
502 3455 529 3508 2.
551 3481 586 3494 -
608 3465 635 3504 et
662 3457 726 3522 quia
748 3473 798 3505 non
816 3474 918 3505 riumero
941 3457 1027 3504 ovatio
1053 3455 1099 3502 seri
1119 3464 1145 3503 et
1166 3472 1248 3520 comp.

173 3523 240 3577 Tul.
256 3550 291 3565 ·-
307 3533 331 3571 et
345 3523 409 3590 quia
426 3539 478 3571 non
489 3540 593 3572 numero
608 3525 694 3573 aratia
709 3525 755 3574 ssd
770 3527 955 3590 compositione
960 3522 1003 3590 fit
1016 3534 1042 3572 et
1050 3541 1163 3589 genere.-
1180 3524 1250 3588 quad

175 3595 275 3646 dictum
293 3603 332 3640 est
346 3592 534 3641 concinnitatis
547 3593 733 3658 compositione
745 3605 829 3655 potest
842 3592 971 3662 intelligi:
990 3610 1067 3660 quam
1080 3592 1121 3642 ita
1133 3590 1215 3646 Med.

208 3663 278 3729 qrsorl
292 3659 367 3728 ante]
388 3664 455 3727 quod
470 3671 518 3710 aut
533 3662 584 3713 Dr.
604 3660 676 3716 Vua.
691 3664 715 3715 1.
730 3663 756 3716 2.
772 3661 835 3715 Tul.
853 3688 884 3702 -
900 3664 969 3739 quod
981 3652 1017 3711 ut‘
1026 3659 1083 3715 Vit.

210 3727 409 3795 compositione]
430 3731 581 3792 compositio
600 3729 633 3782 L.
914 3738 918 3743 '

210 3793 289 3866 arium
305 3798 368 3864 ita]
387 3817 464 3864 qaam
478 3799 518 3846 ita
534 3798 584 3849 Dr.
598 3799 668 3848 Ven·
688 3801 711 3853 l.
726 3801 752 3852 2.
763 3798 845 3853 Med.
860 3797 926 3854 Tul.
940 3825 973 3836 -
984 3809 1015 3848 ut
1035 3798 1076 3848 itu
1088 3794 1146 3851 Vit.

210 3885 272 3917 nam
284 3867 349 3932 ubi]
367 3884 417 3914 nan
433 3867 478 3916 att
491 3866 539 3918 Dr.
560 3896 593 3906 -
609 3866 692 3916 libitia
715 3869 791 3923 Crat.
808 3867 868 3923 ΛΜ.
883 3871 908 3923 2.
930 3868 1044 3935 Quinct.
1059 3867 1114 3930 IX,
1132 3865 1170 3932 4,
1191 3867 1248 3922 109.

178 3936 234 4004 „Et
250 3937 351 4001 quidem
363 3934 427 4000 (non
439 3936 541 4002 quidem
556 3935 663 4004 spald.)
680 3939 775 4004 optime
786 3949 825 3987 est
839 3937 889 3986 sibt
904 3938 1009 3985 iunctus
1028 3947 1200 4003 anapaestus,
1223 3946 1250 3984 ut

176 4006 222 4077 qui
246 4006 280 4052 sit
301 4000 456 4071 pentametri
470 4002 536 4069 finis
559 4004 599 4054 val
621 4005 736 4074 rythmus
755 4008 806 4072 vqai
826 4023 915 4054 nomm
935 4006 968 4054 uli
993 4023 1022 4054 eo
1048 4006 1149 4054 traxit:
1177 4023 1248 4053 nam

176 4074 236 4124 ubi
252 4071 365 4124 iibido
383 4072 603 4132 deliniantur,
621 4076 847 4124 innocentiae
865 4074 938 4122 leve
954 4074 1175 4139 praesidium
1192 4085 1247 4123 est.

176 4161 239 4194 nam
254 4139 406 4210 synaloephe
414 4139 509 4210 sarit,
528 4153 557 4191 ist
571 4145 639 4191 duas
655 4143 763 4193 ultimae
775 4143 892 4212 syllabas
905 4162 952 4207 pro
965 4162 1017 4191 ana
1031 4153 1129 4192 sonent.
1150 4141 1250 4192 Melior

173 4210 225 4280 liet
237 4211 409 4280 praecedente
418 4212 529 4278 spondeo
550 4210 593 4262 ael
613 4212 738 4262 boschio:
759 4221 788 4262 ut
808 4213 832 4261 si
850 4223 931 4262 mutes
951 4213 1034 4276 idem,
1058 4210 1132 4262 leve
1155 4214 1166 4260 i
1174 4229 1250 4262 nna-

178 4279 551 4348 eentiaepraesids'um
575 4279 656 4333 sst.“
