2692 5018
308 247 377 314 so
410 247 639 344 usnemu
667 249 902 322 seusun.
1103 268 1146 335 ss

10 444 21 489 Ι
64 402 228 492 quaedam
267 400 480 488 nimiumque
507 403 649 492 depicta.
719 405 797 496 Quo
825 408 930 496 magis
959 423 1048 478 sunt
1071 411 1154 481 He·-

10 551 21 592 Ι
62 510 203 572 rodotus
233 503 518 592 Thucydidesque
547 507 734 575 mirabiles:
770 533 916 596 quorum
945 525 1036 579 aetas
1064 538 1144 583 cum

10 655 18 696 ,
60 610 97 674 iu
138 631 257 674 eorum
294 617 448 691 tempora
494 630 579 692 quos
619 610 796 687 ,nominavi
836 613 1023 698 incidisset,
1063 616 1150 698 lou-¹

10 738 15 799 ᾗ
60 711 196 796 gissime
210 722 326 776 tamen
343 708 408 796 ipsi
426 733 446 775 a
465 710 585 776 talibus
607 711 731 778 deliciis
746 715 801 779 vel
816 717 927 802 potius
948 716 1085 805 ineptiis
1109 743 1142 786 a·

10 814 14 901 ᾖ
60 813 211 879 fuerunt.
267 812 353 876 alter
383 810 473 876 enim
500 813 571 877 sine
600 814 678 880 ullis
709 814 847 881 salebris
884 817 981 902 quasi
1008 819 1142 886 sedatus
1189 807 1208 832 ⁵

60 914 171 980 amnis
197 913 291 988 fluit,
319 914 406 978 alter
425 912 598 999 incitatior
618 915 729 982 fertur
760 929 795 983 et
824 917 866 982 de
887 917 1011 986 bellicis
1037 922 1140 989 rebus

59 1019 152 1085 canit
171 1017 271 1082 etiam
289 1015 535 1098 quodammodo
554 1017 732 1085 bellicum:
753 1020 940 1108 primisque
954 1023 996 1086 ab
1013 1023 1064 1089 his
1088 1029 1141 1112 (ut

59 1121 109 1186 ait
122 1118 389 1206 Theophrastus)
410 1118 549 1186 historia
564 1134 734 1188 commota
754 1136 821 1204 est,
844 1135 882 1189 ut
901 1123 1041 1190 auderet
1054 1125 1139 1190 ube.

59 1224 131 1289 rius
158 1243 260 1306 quam
289 1222 477 1308 superiores
497 1233 530 1286 et
547 1223 693 1290 ornatius
715 1226 833 1291 dicere.
876 1226 1011 1292 Horum
1036 1229 1202 1295 aerariis

60 1323 215 1390 successit
241 1326 420 1406 Isocrates,
443 1325 501 1413 qui
528 1337 664 1412 praeter
683 1340 812 1393 ceteros
834 1328 984 1403 eiusdem
1004 1329 1137 1414 generis

58 1427 218 1494 laudatur
239 1449 415 1516 sempera
442 1427 537 1494 nobis
569 1450 830 1516 nonnunquam,
862 1431 983 1504 Brute,
1014 1429 1138 1503 leniter
1159 1433 1195 1495 40

58 1543 93 1594 et
116 1528 245 1595 erudite
273 1542 481 1615 repugnante
511 1541 552 1595 to.
595 1530 654 1595 sed
685 1533 783 1597 cedas
811 1532 896 1598 mihi
917 1531 1076 1619 fortasse,
1097 1533 1138 1617 si,

56 1634 140 1719 quid
162 1632 199 1696 in
222 1653 262 1693 eo
284 1633 437 1714 laudem,
471 1633 679 1717 cognoveris.
721 1634 808 1700 Nam
831 1657 909 1700 cum
932 1635 1084 1702 concisus
1105 1636 1138 1702 oi

56 1738 334 1824 Thrasymachus
369 1735 508 1801 minutis
539 1734 689 1801 numeris
718 1734 893 1801 videretur
920 1748 953 1802 et
982 1737 1136 1823 Gorgias,

58 1842 118 1930 qui
141 1854 254 1907 tamen
274 1839 378 1929 primi
398 1839 577 1930 traduntur
597 1849 671 1904 arte
688 1839 834 1924 quadam
853 1840 957 1908 verba
969 1841 1142 1921 iussuissm¹

56 2025 267 2041 *μ

57 2145 86 2190 et
103 2132 298 2202 Thucydidem
317 2132 403 2200 longe
426 2128 530 2182 afuisse
553 2129 690 2182 etalibus
710 2128 840 2199 ineptiis,
880 2125 939 2192 hoc
952 2149 1012 2186 non
1033 2133 1135 2187 referri

55 2213 152 2274 potest
174 2205 209 2256 ad
231 2201 386 2263 versiculos,
406 2217 477 2268 quos
499 2198 559 2268 quis
580 2198 689 2251 fecerit.
712 2216 780 2251 nam
799 2198 851 2271 qui
860 2201 930 2258 tales
948 2201 1034 2270 iacit,
1051 2203 1134 2257 nullo

56 2275 144 2327 modo
156 2274 267 2339 ineptus
282 2271 337 2322 dici
349 2277 457 2336 potest,
474 2268 532 2318 imo
542 2270 680 2320 Isocrates
693 2269 798 2319 multos
813 2270 969 2324 immiscuit
978 2272 1135 2336 versiculos

56 2343 88 2394 in
110 2341 285 2393 orationihus
312 2340 378 2391 suis.
415 2338 521 2388 Contra
542 2353 607 2388 vere
627 2336 655 2387 id
678 2335 783 2388 dicitur
804 2338 838 2389 de
853 2341 1081 2394 versicoloribus·
1100 2359 1134 2396 ee

58 2410 133 2463 enim
148 2419 213 2462 sunt
223 2409 352 2460 absurda.
371 2408 516 2458 Postremo
531 2403 587 2456 huc
600 2404 722 2474 pertinet
734 2405 806 2458 alter
819 2407 899 2459 locus
912 2426 936 2460 c.
953 2413 993 2466 19.
1014 2411 1134 2479 „Sophi-

57 2492 177 2546 starum,
197 2481 228 2529 de
241 2479 334 2547 quidus
345 2495 425 2544 supro
442 2477 517 2540 dixi,
535 2478 623 2542 magis
635 2477 824 2542 distinguenda
836 2476 983 2529 similitudo
991 2482 1133 2530 videtur-

56 2551 200 2600 concinnas
215 2549 302 2614 magis
316 2546 459 2596 sententias
476 2546 615 2610 exquirunt
630 2561 708 2611 quam
718 2544 883 2612 probabiles,
899 2575 934 2584 --
947 2549 1025 2598 verbo
1039 2559 1133 2598 trom-

45 2617 146 2690 seruut
164 2619 284 2682 apertius
305 2633 388 2682 eaque
407 2616 447 2664 ira
468 2615 610 2683 disponunt
632 2623 661 2663 ut
675 2613 792 2682 pictores
813 2616 970 2668 varietatem
987 2616 1140 2673 colorum.“.

56 2688 156 2758 Quint.
169 2687 243 2737 VIII·
261 2686 325 2737 Pro.
340 2687 384 2738 20.
411 2724 416 2733 .

89 2756 268 2822 nimiumque]
286 2756 442 2820 minimeque
456 2751 525 2803 Ven.
540 2751 565 2804 1.
584 2749 664 2803 Med.
702 2777 704 2782 ·

89 2825 213 2894 depicto]
234 2826 347 2874 astricta
363 2821 428 2875 sch.
443 2822 547 2901 suspic.
560 2847 596 2859 -
609 2822 642 2877 V.
656 2820 726 2876 Ern.
740 2821 805 2877 Lex.
820 2818 876 2879 ΙΙΙ.
891 2837 915 2875 s.
929 2838 956 2875 v.

89 2893 293 3032 issieiuiii'bdf
301 2891 561 3028 lr⁰s22;il{²clllr;.
580 2956 657 3028 §.sa

89 3032 221 3094 salebris]
240 3048 266 3085 v.
283 3030 406 3083 Nonium
422 3047 444 3083 s.
464 3045 489 3084 v.
505 3054 540 3067 -
555 3027 671 3079 salubris
684 3025 754 3081 Kob.

85 3102 172 3151 amuis
180 3099 266 3167 fluit]
286 3101 371 3149 amnis
378 3097 440 3166 fuit
455 3098 508 3148 Dr.

90 3172 165 3220 canit
175 3197 208 3206 —
222 3167 357 3235 bellicum]
376 3167 527 3218 laudantur
546 3182 563 3218 a
578 3167 646 3236 Qut.
663 3166 697 3230 X,
712 3166 736 3230 1,
752 3165 796 3220 33.

93 3236 306 3305 Theophrastus]
324 3236 376 3293 inf.
393 3237 418 3303 §.
432 3239 474 3291 79.
496 3235 592 3305 Quint.
612 3237 663 3300 ΙΙΙ,
681 3240 706 3300 1,
728 3236 768 3289 15.
793 3231 1130 3306 TheophrastusququO

55 3306 218 3362 Aristotelis
232 3305 383 3373 discipulus
396 3306 432 3356 'de
445 3302 584 3356 rhetorice
597 3305 747 3370 diligenter
758 3303 879 3370 scripsit.
894 3303 897 3312 '

90 3378 204 3428 historia
224 3387 353 3426 commotu
368 3373 419 3444 est]
436 3391 462 3426 v.
476 3371 587 3426 Bentlei
602 3373 637 3426 ud
653 3376 752 3428 Horat.
766 3375 860 3427 Germ.
870 3374 959 3442 Ill,7‚
974 3374 1018 3427 20.
1033 3371 1128 3442 Spald·

54 3449 90 3501 ad
107 3448 174 3516 Qut.
188 3446 241 3510 III,
263 3449 287 3508 1,
302 3445 327 3498 8.
784 3502 786 3507 Ι
881 3483 883 3487 .

87 3515 207 3582 uberius]
227 3517 313 3564 verius
330 3514 412 3565 Mon.

84 3585 184 3650 dicere]
201 3585 299 3634 diceret
315 3583 385 3634 Veu.
402 3586 427 3636 1.

124 3656 191 3718 cap.
210 3652 250 3707 ss.
284 3650 329 3707 lo.
363 3650 473 3718 icarus]
507 3651 560 3706 nr.
583 3650 639 3704 cu.
658 3652 686 3706 2.
708 3649 735 3705 a
759 3648 821 3705 sss.
842 3652 870 3706 e.
896 3646 963 3702 sch.
979 3649 1007 3704 a.
1030 3615 1080 3703 οὲ.
1095 3673 1131 3690 .-

55 3722 145 3774 leviter
160 3720 261 3774 Ceteri.
790 3759 792 3762 <

91 3790 186 3856 cedas]
212 3792 279 3842 Em.
295 3791 345 3845 Or.
364 3790 457 3839 credas
477 3789 529 3840 Dr·
544 3788 613 3840 Veh.
634 3790 658 3844 1.
674 3789 700 3843 2.
715 3785 792 3839 Med.
808 3785 873 3839 Tul.
888 3785 951 3840 Ald.
970 3787 995 3841 1.
1010 3785 1043 3841 L.
1055 3786 1130 3839 vict.

56 3862 144 3911 credes
156 3860 211 3912 vit.
223 3859 317 3915 ΑΜ.
325 3860 398 3911 cedes
406 3857 469 3914 Sch.
482 3861 510 3914 2.

90 3930 116 3979 si
133 3931 197 3996 quio
215 3930 243 3978 iu
260 3949 289 3980 eo
301 3927 417 3995 laudem]
437 3930 565 3996 siquidem
578 3925 635 3978 Vit.
650 3954 684 3966 -
698 3923 806 3999 laudum
821 3926 891 3982 Ver.
909 3927 933 3978 1.
946 3922 1131 3979 2.Med.Tul.

90 4000 229 4062 concisus]
247 4000 377 4048 concissus
390 3999 458 4048 Ven.
476 4000 501 4050 2.

90 4066 219 4133 iunxisse]
239 4066 294 4118 vit.
309 4066 377 4119 Ven.
395 4067 419 4121 1.
432 4069 459 4122 2.
478 4065 553 4120 Med.
569 4065 637 4118 Tul:
650 4063 734 4116 Aldd.
749 4063 796 4116 Cr.
810 4062 883 4115 Vici.
898 4062 995 4115 [emb.
1008 4062 1130 4114 Man.-

54 4138 245 4261 pppppsppppip.
259 4133 335 4192 1584.
353 4137 437 4203 Grut.
452 4154 485 4190 uc
499 4144 617 4189 recentt.
629 4133 673 4201 cf..
683 4131 761 4202 §.64
795 4135 944 4201 Iunguntur
961 4130 1054 4199 verbs,
1069 4133 1132 4182 uiu-
