2692 5018
211 288 283 358 Ι124
459 318 463 329 ·
662 280 876 351 ORATOR

218 436 484 528 imprudentiam
517 459 615 525 saepe
643 435 743 503 etism
770 437 884 502 minus
911 435 1065 515 usitatos,
1092 435 1149 500 sed
1181 445 1298 504 tamen

218 565 358 621 versus3
390 541 550 604 vitiosum
581 560 686 626 genus
709 550 743 602 et
769 540 868 626 longa
898 539 1002 603 animi
1024 537 1214 626 provisione
1238 539 1299 602 fu-

155 644 391 731 190gieudum.
435 641 543 726 Elegit
570 664 612 704 ex
640 641 754 705 multis
783 641 921 706 lsocrati
949 639 1041 706 libris
1066 638 1201 724 triginta
1227 639 1299 704 for-

216 757 301 812 tasse
317 765 431 808 versus
449 743 690 828 Hieronymus.
715 741 950 830 peripateticus
973 742 1141 829 inprimis
1162 740 1297 813 nobilis,

216 849 396 936 plerosque
416 845 563 908 senarios
585 845 640 909 sed
665 844 765 908 etiam
789 858 980 930 anapaesta:
1002 866 1067 928 quo
1085 841 1163 928 quid
1183 854 1300 930 potest

216 973 287 1014 esse
317 947 471 1033 turpius?
514 947 584 1012 Etsi
613 946 650 1010 iu
678 946 831 1032 eligendo
868 947 943 1011 lecit
974 946 1152 1011 malitiose:
1185 946 1299 1032 prima

217 1050 307 1115 enim
327 1050 454 1136 syllaba
475 1048 587 1115 demta
608 1049 644 1113 in
667 1049 778 1135 primo
801 1049 903 1114 verbo
925 1047 1128 1123 sententias,
1160 1059 1299 1134 postre-

216 1175 315 1220 mum
338 1151 380 1215 sd
403 1150 548 1216 verbum
570 1149 716 1237 primam
737 1173 854 1218 rursus
875 1149 1036 1238 syllabam
1060 1148 1217 1214 adiunxit
1238 1151 1298 1215 in-

213 1253 395 1341 sequentis.
438 1253 553 1340 Itaque
582 1252 688 1319 suctus
711 1266 760 1320 est
785 1263 982 1341 anapaestus
1004 1254 1047 1331 is,
1081 1250 1138 1337 qui
1160 1250 1296 1319 Aristo-

216 1361 368 1445 phaneus
395 1354 599 1422 nominatur.
654 1356 755 1445 Quod
785 1379 829 1422 ne
856 1355 1002 1427 accidat,
1032 1353 1203 1418 observari
1235 1377 1296 1417 neo

216 1469 326 1547 potest
347 1479 409 1522 neo
429 1479 563 1522 necesse
588 1469 648 1523 est.
692 1460 759 1527 Sed
786 1473 899 1524 tamen
927 1458 981 1519 hio
1003 1455 1231 1520 correctoria
1254 1478 1296 1518 eo

216 1561 289 1648 ipso
317 1561 408 1636 loco,
444 1581 510 1644 quo
542 1561 778 1649 reprehendit,
814 1568 865 1643 (ut
887 1581 908 1623 a
936 1579 992 1622 mo
1015 1557 1293 1621 animadversum

173 1690 176 1697 ·
216 1674 266 1728 'est
286 1663 433 1728 studiose
454 1661 639 1747 inquirenti
660 1662 697 1728 in
718 1663 809 1746 eum)
832 1659 984 1727 immittit
1004 1658 1199 1747 imprudens
1219 1657 1293 1745 ipse

211 1857 423 1877 Μ

254 1988 337 2038 etiam
353 1989 454 2058 minue]
475 1991 556 2040 etiam
571 1989 669 2042 animis
681 1990 736 2044 Dr·

255 2059 355 2119 elegit]
374 2058 450 2127 eligit
465 2059 520 2111 Gu.
536 2059 562 2112 3.

291 2127 350 2180 190.
386 2131 520 2191 Isocrati]
540 2129 624 2180 Grut.
639 2126 730 2184 Sohir.
743 2128 917 2180 -leocratie
933 2126 1035 2180 Ceteri.
1062 2124 1097 2179 ot.
1117 2122 1217 2179 Prisci.
1241 2124 1290 2174 Vl.

219 2190 270 2249 XI.
294 2203 321 2260 ρ’.
343 2196 402 2249 285.
424 2195 518 2249 Kiehl.
549 2199 605 2263 „Et
632 2198 780 2263 sciendum,
807 2200 875 2266 quod
895 2199 923 2247 in
941 2197 1119 2247 huiuscemodi
1141 2195 1292 2244 nominibus

220 2267 324 2332 quando
338 2267 433 2314 tertiae
445 2277 506 2315 aurit
514 2303 523 2334 ‚
533 2265 753 2334 frequentissime
767 2278 864 2318 veteres
880 2267 998 2317 dativum
1009 2263 1149 2333 proferunt
1167 2281 1216 2330 pro
1237 2280 1291 2330 ge-

218 2331 317 2395 nitivo,
336 2334 478 2386 Aristoteli
485 2371 493 2398 ‚
523 2337 693 2385 Demostheni
700 2374 708 2401 ,
736 2336 897 2404 Thucydidi,
922 2337 1045 2398 Euripidi
1066 2351 1113 2402 pro
1134 2330 1291 2383 Aristotelis

216 2410 275 2454 etc.
294 2404 446 2466 ponentem
482 2402 542 2457 Cio.
559 2404 608 2455 IV.
626 2404 736 2456 Verrin.
757 2405 835 2471 (Aac.
852 2404 889 2454 ΙΙ.
908 2405 941 2468 2,
961 2402 1018 2470 54.)
1039 2401 1206 2452 'lirnarclsidi
1223 2397 1288 2450 ibid.

217 2485 245 2536 e.
257 2472 301 2523 28.
320 2469 447 2522 Schneid.
459 2473 491 2523 L.
511 2474 546 2524 G.
562 2473 595 2524 Τ.
607 2474 634 2525 2.
653 2489 681 2540 p.
697 2473 756 2527 166.
793 2473 886 2525 Etiam
900 2474 1016 2526 Monac.
1030 2470 1116 2522 habat
1130 2472 1254 2520 Isocrati.

255 2542 444 2607 Hieronymus]
464 2541 608 2606 Rhodius,
635 2541 669 2592 de
686 2558 742 2610 quo
757 2541 859 2594 Cicero
875 2542 906 2594 in
919 2540 1004 2592 Aoed.
1022 2541 1076 2608 IV,
1095 2541 1139 2592 42.
1162 2539 1197 2588 de
1211 2537 1288 2589 finib.

218 2606 266 2671 11,
285 2609 302 2662 3
316 2616 343 2659 et
354 2610 379 2662 6.
397 2608 585 2680 Eiusdemque
598 2619 698 2661 contra
712 2612 865 2663 Isocratem
879 2609 1040 2662 testimonio
1063 2610 1154 2659 utitur
1170 2607 1286 2676 Dionys.

216 2675 311 2728 'Halia
329 2675 359 2728 in
377 2677 482 2729 iudicio
497 2679 531 2731 de
548 2680 672 2730 Isocrate
684 2680 717 2735 Τ.
728 2681 754 2732 2.
770 2697 798 2749 p.
814 2683 857 2735 99.
876 2678 918 2731 ed.
932 2678 1008 2745 Sylb.
1022 2675 1153 2728 Francos.

256 2746 421 2814 anapaesta]
439 2761 578 2815 anapestus
591 2747 646 2798 Vit.
661 2777 696 2788 -
710 2751 896 2817 anapaesticus
917 2747 994 2802 Med.
1009 2745 1089 2797 Aldd.
1103 2744 1168 2797 Tul.
1183 2745 1228 2796 Ju.
1242 2746 1287 2796 Cr.

219 2817 293 2868 Men.
307 2818 338 2866 L.
353 2845 388 2853 -
403 2819 521 2882 anapesti
537 2831 593 2883 mg.
604 2815 757 2869 Tul.Duse
770 2817 879 2884 primae
893 2816 1030 2867 lectiones
1043 2817 1113 2866 bene
1128 2830 1157 2866 se
1170 2813 1287 2865 hahent:

219 2898 287 2934 narn
304 2883 333 2932 in
350 2900 404 2935 uns
420 2898 567 2952 anapaesta
579 2882 666 2951 μέτρα
680 2886 840 2955 supplebis,
858 2885 888 2937 iu
899 2885 987 2938 altere
1001 2895 1162 2953 anapaestos
1171 2883 1288 2952 atizoen.

257 2955 284 3003 in
299 2952 436 3019 eligenda]
455 2957 482 3002 in
495 2953 604 3023 legendo
616 2956 677 3008 vet.

255 3024 345 3071 demta
362 3024 388 3070 in
401 3021 504 3089 primo]
524 3027 652 3091 exprimo
672 3022 750 3075 Aldd.
765 3025 809 3077 JU.
823 3024 869 3075 Cr.
884 3024 916 3076 Is.

212 3119 216 3125 ·
255 3089 397 3158 adiunxit]
417 3090 545 3158 syllabam
559 3095 683 3142 ailiunxit
698 3099 884 3163 insequentem
898 3092 1053 3143 sententiam
1069 3091 1112 3142 ita
1124 3090 1186 3141 Vct.

212 3182 217 3194 ·
256 3161 349 3226 itaque
356 3157 475 3226 factus]
496 3159 547 3212 Vit.
561 3161 612 3215 Dr.
635 3190 659 3200 -
672 3160 815 3230 itafaetue
833 3161 934 3214 Ceteri.

219 3227 433 3350 οαηὲραόείιιε]
453 3227 508 3284 vit.
522 3229 574 3282 Dr.
590 3229 671 3286 Aldd.
683 3233 726 3283 Ju.
746 3259 779 3270 -
797 3232 984 3297 anapaesticus
1004 3229 1075 3279 Vens
1092 3229 1118 3283 2.
1129 3225 1210 3286 Med.
1225 3227 1289 3285 Tul.

246 3313 268 3350 Υ.
307 3334 314 3348 .
363 3313 385 3347 Υ.

254 3385 304 3437 quo
320 3365 499 3435 reprehendit]
518 3385 567 3436 quo
582 3371 727 3419 Isocratem
741 3368 903 3438 reprehendit
917 3381 975 3436 mg.
992 3363 1069 3423 1584.

212 3462 217 3475 ·
253 3436 591 3501 utnmeJom.ueVet.

253 3506 371 3556 studiose
385 3506 547 3573 inquirenti]
567 3507 708 3555 studiosius
726 3504 820 3571 steph.
837 3506 868 3558 L.
891 3505 1083 3573 -inquirenti
1100 3501 1148 3556 Sic
1163 3503 1221 3557 vit.
1237 3507 1289 3559 Dr.

207 3575 286 3626 'Vem
303 3576 326 3628 1·
342 3575 368 3627 2.
382 3573 447 3625 Tul.
463 3571 545 3626 alda.
557 3574 647 3625 Juntt.
662 3576 708 3629 Cr.
723 3574 794 3625 Viot.
813 3574 922 3642 Grypls.
942 3577 966 3628 1.
984 3576 1010 3627 2.
1028 3572 1064 3626 of.
1081 3572 1172 3625 Servii
1189 3579 1221 3630 A.
1238 3576 1289 3629 Gr.

215 3660 246 3714 p.
260 3642 321 3699 524.
338 3641 380 3693 ed.
395 3641 525 3695 Lindem.
553 3646 614 3708 „De
629 3643 745 3694 ablativo
760 3643 893 3706 singulari
903 3645 1044 3711 participii
1067 3645 1192 3709 temporis
1206 3662 1290 3711 prae-

216 3716 299 3763 sentis
325 3711 508 3761 dubitauerunt
525 3723 641 3771 veturus,
661 3724 747 3762 utrum
763 3713 792 3762 in
811 3714 925 3777 iexeat‚
951 3713 1073 3764 unisse.
1102 3713 1230 3763 Cicero
1257 3716 1291 3762 in

217 3782 230 3832 e·
247 3784 307 3830 mis
316 3782 327 3828 i
334 3792 344 3828 t
352 3815 360 3841 ,
381 3781 517 3848 Virgilius
534 3782 561 3829 in
577 3801 598 3830 e.
619 3782 654 3831 Et
669 3788 737 3839 scire
750 3800 797 3831 nos
810 3783 944 3844 debemus,
963 3779 1083 3848 regulam
1096 3781 1167 3830 banc
1183 3801 1250 3850 esse,
1262 3792 1291 3831 ut

215 3851 245 3902 in
259 3859 369 3901 sexeut.
389 3851 535 3915 Participia
548 3852 615 3898 enim
630 3853 657 3899 iu
674 3870 687 3899 e
702 3850 793 3899 debent
805 3852 922 3900 desinere
935 3868 985 3898 non
1001 3850 1028 3898 in
1048 3851 1074 3900 i:
1100 3860 1223 3900 auctores
1243 3864 1287 3901 ta·

216 3936 275 3968 men
293 3917 427 3976 ausoniam
440 3921 525 3966 secuti
540 3930 608 3981 sunt,
628 3931 656 3968 ut
670 3921 739 3984 quod
752 3937 831 3969 suave
845 3920 952 3968 auribus
966 3918 1105 3968 videbatur
1113 3956 1121 3984 ‚
1141 3919 1291 3971 dicerent.“

205 3986 315 4055 Pomp.
331 3986 403 4038 C.A.
419 3987 455 4038 D.
471 4003 497 4053 p.
512 3985 573 4040 364.
601 3989 775 4052 ‚‚Ouaeritur‚
794 3999 880 4037 utrum
892 3987 1042 4055 participia
1060 3989 1112 4036 ini
1132 3999 1232 4038 exeant
1255 4007 1290 4038 an

216 4057 281 4108 ine.
309 4055 461 4118 Quaesitum
482 4058 590 4105 estdiu
613 4058 683 4123 apud
704 4055 884 4124 artigraphos.
918 4055 976 4106 -Et
1007 4057 1088 4106 scrire
1109 4056 1200 4122 debes,
1227 4059 1290 4124 quia

202 4143 292 4177 amne
305 4123 477 4190 participium
494 4127 641 4190 praesentis
654 4128 777 4192 temporie
788 4127 817 4176 ire
831 4141 845 4173 e
857 4125 1026 4178 terminatur.
1068 4124 1206 4192 Siquando
1221 4128 1291 4176 inve-

217 4195 289 4247 neris
302 4195 314 4244 i
329 4193 476 4254 terminari,
491 4203 539 4242 aut
554 4193 695 4243 necessitas
708 4190 794 4260 sacit‘
804 4194 896 4254 metri,
916 4204 962 4241 aut
978 4204 1048 4243 certe
1065 4201 1187 4260 quantam
1212 4195 1293 4245 babet

217 4263 401 4330 cognationem
412 4278 472 4312 cum
485 4263 616 4316 naminc.“
635 4291 670 4306 -
688 4263 844 4330 inquirente·
857 4276 941 4314 nemo
952 4310 956 4323 ,
969 4270 1081 4331 praeter
1098 4261 1194 4332 steph.
1210 4263 1245 4316 L.
1258 4280 1293 4316 ac
