2692 5018
210 240 290 320 '110
663 244 884 314 ORATOR
929 346 934 355 Ι

227 425 330 493 quam
357 401 414 467 illa
447 422 533 487 quae
565 397 693 465 derunt.
735 399 815 466 Plus
838 412 887 467 est
908 402 997 469 enim
1018 403 1056 470 in
1075 403 1192 471 verbis
1214 409 1304 475 etin

227 505 400 576 sententiis
422 503 520 579 boni,
553 503 676 590 quibua
697 502 745 567 illi
767 507 956 588 excellunt,
984 530 1083 593 quam
1105 509 1140 574 in
1163 514 1304 579 conclu-

163 604 204 689 61
227 611 321 676 sione
349 605 609 686 sententiarum,
645 627 755 692 quam·
776 629 846 670 non
872 609 1005 673 habent.
1059 611 1137 676 Post
1167 614 1305 683 inventa

225 710 399 778 'conclusio
422 720 488 788 est,
522 730 587 794 qua
607 709 709 773 credo
732 732 852 774 usuros
875 722 1004 776 veteres
1030 712 1102 777 illoc
1124 713 1248 799 fuisse,
1277 721 1304 784 ai

224 815 295 881 iam
316 825 396 879 nota
417 821 517 895 atque
543 822 704 897 usurpata
732 834 785 876 ree
808 826 905 878 esset:
934 837 1000 900 qua
1025 815 1162 882 inventa
1185 841 1303 887 omnes

165 922 306 982 170ueoe
328 936 465 1002 magnos
494 925 644 977 oratores
672 913 835 979 videmus.
880 915 945 982 Sed
975 915 1076 981 habet
1098 941 1225 986 nomen
1245 922 1301 988 in-

225 1019 369 1097 vidiam,
406 1039 483 1079 cum
512 1014 547 1080 in
574 1015 724 1079 oratioue
753 1015 898 1083 iudiciali
924 1029 958 1083 et
984 1018 1111 1085 forensi
1139 1044 1302 1090 uumerus

225 1121 384 1209 [Latina]
418 1118 558 1198 (Graece
585 1113 730 1202 ῥυθμός)
758 1118 867 1183 inesse
897 1119 1028 1186 dicitur.
1079 1121 1190 1189 Nimis
1212 1128 1300 1194 euim

166 1216 178 1237 ''
224 1223 424 1294 insidiarum
442 1221 482 1285 ad
500 1218 675 1306 capiendas
690 1242 788 1286 aures
807 1221 959 1287 adhiberi
974 1223 1127 1301 videtur,
1150 1228 1180 1292 si
1202 1230 1298 1296 etiam

224 1323 425 1396 indicendo
456 1320 596 1386 numeri.
621 1321 662 1386 ab
691 1334 824 1388 oratore
853 1337 1074 1408 quaeruntur.
1125 1329 1199 1396 Hoc
1223 1331 1301 1400 freti

224 1431 280 1498 isti
302 1440 335 1492 et
356 1425 419 1514 ipsi
446 1423 588 1488 infracta
616 1435 650 1488 et
677 1436 848 1512 amputata
868 1425 1054 1511 loquuntur
1077 1439 1110 1493 et
1131 1453 1188 1496 eoe
1209 1434 1302 1500 vitu-

224 1543 367 1622 perant,
403 1527 460 1612 qui
490 1536 569 1614 apta
599 1535 634 1588 et
658 1524 752 1591 finita
782 1529 1014 1614 pronuntiant.
1076 1529 1113 1597 si
1134 1518 1301 1603 ¹inanibua

223 1633 334 1701 verbis
355 1631 547 1712 levibusque
567 1628 756 1708 sententiis,
777 1631 870 1694 iure:
897 1629 950 1695 sin
972 1632 1098 1718 probae
1117 1655 1186 1716 rea,
1208 1637 1300 1704 lecta

222 1735 341 1810 verba,
373 1732 454 1818 quid
482 1743 531 1796 est
560 1753 621 1796 cur
648 1731 802 1795 claudere
839 1745 896 1797 aut
930 1731 1083 1798 insistere
1110 1738 1298 1808 orationem

221 1837 344 1905 malint
360 1857 463 1920 quam
480 1855 558 1898 cum
575 1834 879 1920 sententiaparitcr
899 1837 1107 1901 excurrere?
1127 1839 1190 1907 Hic
1204 1845 1298 1911 enim

221 1935 403 2006 invidiosus
430 1957 591 2000 numerus
621 1934 703 2000 nihil
728 1936 828 2002 affert
853 1936 963 2016 aliud,
999 1937 1061 2002 nisi
1094 1951 1131 2004 ut
1157 1942 1202 2008 eit
1221 1958 1298 2031 apte

221 2043 334 2111 verbis
358 2039 600 2128 comprehensa
627 2039 810 2104 sententie:
838 2040 928 2126 quod
951 2037 989 2104 fit
1015 2039 1115 2105 etiem
1136 2041 1180 2107 ab
1203 2048 1298 2113 anti-

221 2240 429 2258 m

259 2389 293 2421 ea
308 2366 427 2436 maiora]
447 2382 502 2419 om.
522 2383 553 2416 ea
567 2366 628 2418 Ver.

261 2441 400 2489 sententiis
415 2439 475 2486 boni
483 2435 493 2504 ]
512 2437 647 2485 sententiis
661 2434 735 2484 bonit
746 2432 801 2486 Vll.
814 2434 865 2486 Dr.
881 2432 952 2488 Ven.
972 2436 995 2488 1.
1009 2436 1034 2489 2.
1048 2434 1127 2492 Med.
1139 2438 1207 2493 Tul.

260 2506 407 2573 excellunt]
428 2504 589 2555 excellebant
604 2504 672 2555 Ven.
689 2508 714 2558 1.

256 2579 286 2628 iri
301 2572 476 2640 concluar'one]
496 2576 523 2622 ia
539 2572 703 2623 conclueioue
721 2581 761 2622 est
781 2590 833 2640 qrra
852 2573 927 2623 eredo
942 2571 995 2624 Dr.

293 2647 361 2710 Cap.
379 2643 422 2695 51.
455 2653 515 2708 poet
534 2641 652 2708 inventa]
671 2654 730 2708 poa-t
743 2654 830 2691 aretem
846 2644 951 2690 inventa
969 2643 1036 2697 ven.
1049 2644 1073 2696 2.
1088 2642 1153 2695 Tul.

293 2716 352 2766 170.
393 2708 511 2776 [latine]
537 2709 687 2760 delendum
717 2719 786 2773 puto
819 2718 851 2760 ut
875 2710 932 2762 iam
958 2726 1092 2762 monuere
1129 2713 1200 2764 Em.
1227 2713 1291 2765 Sch.

223 2778 276 2836 Or.
291 2781 328 2835 cf,
342 2782 369 2848 §.
388 2781 430 2834 67.
444 2807 479 2816 -
493 2780 638 2847 ‚,quicquid
651 2790 689 2827 est
704 2781 786 2838 enim,
806 2780 874 2846 quod
886 2781 932 2827 aab
947 2781 1049 2829 aurium
1067 2799 1215 2832 rmeuram
1237 2783 1292 2833 ati-

223 2869 302 2914 quam
317 2852 408 2915 eadtt,
434 2848 514 2897 etlam
536 2849 561 2896 ei
581 2847 656 2898 abeat
677 2867 695 2897 a
718 2866 808 2916 versu,
826 2866 945 2898 uuraerue
967 2859 1091 2915 vocatur,
1120 2853 1166 2920 qui
1191 2852 1290 2904 Graece

220 2917 335 2991 ῥυθμός
348 2919 474 2967 dicitur.“
895 2941 896 2944 =

254 2991 335 3039 nimia
350 2985 433 3053 euim]
454 2986 563 3034 nimium
577 2985 643 3035 enim
658 3001 704 3054 ep.
719 2984 752 3037 L.

251 3054 373 3124 videtur]
391 3058 511 3105 videntur
525 3058 585 3109 Vet.

253 3125 370 3193 numeri]
390 3142 447 3175 om.
462 3124 519 3178 Vit.

252 3207 279 3246 et
294 3187 447 3263 aiuputata]
467 3204 546 3260 atque
557 3210 629 3259 amp.
643 3206 701 3261 mg.
716 3189 793 3248 1584.

252 3267 298 3333 qui
310 3264 395 3330 apto]
414 3264 502 3330 quiea
519 3272 584 3328 apta
600 3261 661 3314 Vct.

251 3331 415 3400 levibusque]
436 3329 586 3397 lenibusque
599 3330 661 3384 Vet.

250 3403 317 3455 iure.
332 3403 374 3451 aire
384 3401 504 3468 probae]
522 3401 658 3449 sententiis
672 3400 779 3449 iunctae
792 3398 845 3448 rint
862 3403 960 3466 probae
972 3396 1028 3451 Vit.
1042 3397 1112 3450 Ven.
1135 3401 1160 3454 1.
1175 3401 1201 3455 2.
1215 3400 1286 3456 Med.

214 3470 279 3524 Tul.
292 3497 326 3510 -
341 3472 405 3521 iure.
422 3471 475 3518 aiat
489 3469 588 3535 probae
601 3469 653 3520 Dr.
668 3496 704 3505 —
716 3469 911 3536 pronunciant,
936 3470 978 3517 aia
1001 3470 1123 3518 inanitur
1141 3473 1229 3520 uerbis
1249 3472 1286 3523 l-

215 3538 513 3609 uibueque'eenteatiie‚
538 3539 574 3599 ii,
600 3557 637 3587 re.
667 3539 710 3588 ein
731 3538 829 3605 probae
853 3555 910 3604 m,
933 3536 1006 3588 lecta
1025 3539 1118 3605 uerba,
1144 3542 1211 3606 quid
1232 3550 1284 3595 etc.

216 3612 260 3666 Ju.
280 3612 307 3664 2.

249 3698 297 3730 cur
311 3673 448 3742 claudere]
469 3691 525 3725 om.
539 3693 586 3724 cur
597 3674 649 3726 Dr.
662 3701 695 3714 -
709 3673 864 3725 claudicare
885 3673 965 3728 Aldd.
981 3676 1024 3730 Ju.
1040 3677 1088 3730 Cr.
1108 3675 1184 3728 Vict.
1205 3678 1284 3731 Man.

214 3745 248 3800 Ι..
268 3746 305 3800 cf.
327 3745 412 3797 Prisc.
442 3761 468 3811 p.
490 3745 549 3798 889.
586 3744 712 3807 claudun,
746 3743 841 3794 claudo
865 3760 917 3811 pro
942 3747 1071 3795 claudier.
1098 3745 1229 3800 Gronov.
1250 3746 1285 3799 ad

215 3814 331 3879 Gell.·1‚
345 3816 370 3870 7.
390 3815 488 3864 Front.
502 3812 591 3880 Epist.
606 3830 632 3881 p.
649 3814 707 3866 122.
723 3813 767 3865 ed.
783 3812 865 3865 Nieb.
883 3841 919 3852 —
930 3812 1025 3882 fateor
1046 3815 1130 3880 enim,
1156 3817 1226 3882 quod
1246 3835 1285 3867 rea

214 3897 269 3949 ert,
287 3902 367 3934 unam
380 3880 464 3932 colam
475 3900 550 3946 pocae
565 3899 673 3931 caueam
684 3884 807 3949 incidere,
826 3899 878 3951 quo
896 3900 978 3932 cauea
995 3881 1144 3934 claudat
1162 3885 1285 3952 aliquan·

214 3964 271 4005 tum
286 3970 357 4003 amor
369 3969 434 4019 erga
446 3963 473 4001 te
486 3969 572 4017 tuear,
590 3953 615 4001 ei
626 3950 802 4019 eloquentiam
824 3950 955 4019 negligat.
973 3979 1008 3992 -·
1030 3972 1076 4004 cur
1097 3950 1248 4007 claudicem
1260 3966 1285 4006 et

214 4022 337 4074 inuictere
349 4021 411 4072 Vet.

247 4092 389 4153 insistere]
407 4104 433 4142 v.
448 4087 517 4140 Ern·
532 4087 599 4141 Lex.
611 4087 694 4142 Rhet.
705 4089 740 4141 L.
754 4102 776 4143 t.
791 4085 819 4138 h.
834 4104 861 4140 v.

246 4158 317 4210 nibil
328 4155 410 4225 affert
421 4155 515 4223 aliud]
534 4172 592 4212 otu.
605 4156 674 4210 nituit
685 4158 780 4213 Dr.-
792 4155 862 4210 uttit
876 4154 959 4226 affert
972 4159 1077 4230 aliquid
1096 4157 1177 4214 Men.

245 4239 277 4282 Ἦ
289 4228 342 4300 δὴ]
362 4243 417 4284 0111·
432 4227 469 4278 δὴ
487 4226 567 4282 Mede
