2692 5018
169 265 232 332 uo
401 252 404 257 ’
488 252 545 312 .’
603 255 857 327 uunrou·
924 228 988 299 -²

168 435 240 480 esse
261 409 394 480 debent.
445 412 512 482 Sed
533 410 609 501 quis
629 411 784 482 omnium
813 409 963 495 doctior,
997 412 1081 500 quis?
1102 415 1246 490 acutior,

153 516 243 606 >quis
264 515 299 580 iu
320 515 420 581 rebus
442 518 496 581 vel
523 515 730 582 inveniendis
750 515 806 580 vel
825 516 1012 581 iudicandis
1033 517 1146 582 acrior
1167 519 1249 583 Ari·

93 627 97 647 *
167 618 287 685 stotele
313 617 404 683 fuit?
438 619 512 704 quis
545 641 645 704 porro
675 618 812 685 lsocrati
839 629 888 681 est
916 617 1111 683 adversatus
1132 617 1248 685 infeu-

152 719 256 785 'sius'i
281 720 312 784 Is
334 719 437 802 igitur
456 741 591 785 versum
615 720 651 784 in
674 719 824 785 oratione
844 728 939 783 vetat
952 740 1038 799 esee,
1060 742 1248 787 numerum

166 820 272 888 iubet.
316 819 416 886 Cuius
449 823 584 887 auditor
614 821 819 887 Theodectes
839 821 875 884 in
897 819 1016 910 primis
1039 826 1090 901 (ut
1111 824 1247 889 Aristo·

167 924 246 988 teles
268 943 367 1009 saepe
398 922 572 1006 significet)
603 925 727 1010 politus
754 921 896 1008 scriptor
916 935 1017 1009 etque
1037 921 1163 988 artifex
1183 925 1246 990 hoo

163 1023 253 1091 idem
278 1035 310 1088 et
330 1023 432 1089 sentit
455 1036 488 1087 et
511 1024 686 1113 praecipit.
734 1023 989 1111 Theophrastus
1016 1048 1102 1092 vero
1123 1026 1246 1098 iisdem

154 1125 207 1202 :de
227 1124 327 1190 rebus
357 1123 682 1209 etinmsaccuratius.
728 1127 814 1213 Quis
844 1150 923 1213 ergo
945 1128 1026 1194 istos
1048 1125 1151 1207 ferat,
1187 1129 1246 1215 qui

164 1227 228 1293 hos
256 1239 408 1311 auctores
436 1251 506 1292 non
536 1228 702 1315 probent?
738 1229 803 1293 nisi
832 1231 971 1296 omnino
1004 1230 1086 1295 haec
1109 1252 1183 1294 esse
1204 1230 1244 1319 ab

102 1331 220 1406 173his
252 1339 429 1417 praecepta
460 1331 624 1395 nesciunt.
685 1329 788 1416 Quod
819 1330 846 1393 sl
876 1332 920 1395 ita
947 1343 1014 1409 est,
1053 1337 1131 1414 (neo
1162 1355 1244 1398 vero

164 1433 263 1499 aliter
284 1429 453 1516 existimo)
482 1432 559 1517 quia
584 1429 652 1516 ipsi
677 1431 744 1495 suis
773 1430 924 1496 sensibus
954 1455 1023 1497 nou
1045 1446 1243 1512 moventur,

163 1535 293 1601 nihilne
316 1533 361 1597 eis
382 1534 519 1598 videtur
541 1533 664 1599 inane?
691 1531 777 1596 nihil
797 1532 1026 1615 inconditum,
1054 1535 1136 1599 nibil
1158 1556 1245 1599 eur-

155 1647 255 1719 tum,
287 1635 371 1703 nibil
397 1635 606 1720 claudicans,
635 1634 720 1701 nihil
740 1635 956 1702 redundans?
984 1637 1025 1704 Iu
1048 1657 1140 1704 versu
1163 1633 1241 1722 qui-

165 1865 378 1885 m

202 2034 261 2102 quis
278 2033 413 2096 omnium]
430 2031 488 2100 quis
501 2030 632 2082 hominum
645 2026 713 2083 Ruf.

123 2120 128 2128 .
162 2177 195 2227 A
203 2121 263 2240 Ἥ..
272 2100 389 2221 gregor]
399 2103 466 2179 ¹<peis
472 2102 507 2220 sin
508 2102 593 2220 hrebus
605 2098 645 2220 υἳῖ
657 2100 819 2219 invenienffis
830 2097 982 2219 acpclio‘ppel
990 2097 1244 2220 ίὲιᾷίωιιιᾶξέάτξενίον

197 2209 204 2223 .
253 2182 289 2221 n.
346 2184 424 2221 eusin
449 2208 456 2221 .
493 2188 507 2220 o
530 2187 625 2224 .-ue
651 2189 767 2221 envemen
788 2189 811 2220 rs
829 2190 858 2220 ve
886 2188 912 2219 ru
946 2186 996 2220 ean
1025 2187 1086 2218 sue
1109 2187 1137 2218 m
1157 2186 1242 2218 ecan-

168 2240 211 2291 dis
239 2241 327 2289 acrior
353 2186 469 2291 Vengl·
493 2265 528 2277 -·
547 2236 590 2287 vel
621 2240 648 2287 in
673 2239 836 2288 inveniendis
852 2239 904 2289 Dr.

202 2309 319 2358 Isocrati
342 2320 379 2357 est
399 2308 553 2357 aduersatus
571 2304 719 2374 infensius]
744 2308 799 2358 vit.
819 2309 871 2359 Dr.
886 2308 954 2357 Ven·
968 2308 994 2360 2.
1013 2304 1077 2362 Tul.
1095 2301 1180 2357 Aldd.
1194 2305 1239 2356 Jn.

158 2378 215 2444 (ir.
230 2378 261 2428 L.
275 2379 352 2430 Man.
364 2376 579 2428 On-looerari
593 2378 674 2425 elium
688 2380 856 2426 aduersarius
868 2377 997 2446 insensior
1007 2373 1237 2427 Ven.1.Med·-

166 2459 206 2498 eet
223 2449 376 2497 adversatus
398 2447 539 2513 impensius
559 2441 615 2496 Pal.
638 2447 662 2500 1.
684 2447 711 2500 2.
732 2446 813 2498 Grut.
836 2444 902 2498 Sch·
918 2470 952 2483 -
970 2445 1088 2495 Isocrati
1112 2445 1238 2495 adoerius

159 2514 305 2585 ἕψησίν.
317 2515 411 2568 Rulln.

200 2587 226 2635 is
241 2587 345 2650 igitur]
364 2601 390 2636 v.
409 2582 492 2634 Arist.
508 2579 590 2635 thel.
615 2582 667 2646 Ill,
685 2582 712 2636 7.

202 2655 282 2703 Cuius
296 2655 425 2717 audcior]
444 2653 496 2704 Dr.
512 2654 616 2701 —eius
630 2651 738 2700 creditor
753 2648 856 2702 Ceteri,

203 2721 378 2788 Theodectes]
398 2738 424 2771 v.
439 2739 463 2772 c·
476 2723 518 2775 57·
533 2719 576 2774 64.
594 2719 688 2786 Spald.
704 2718 741 2770 ad
755 2720 871 2788 Qulnct.
889 2719 929 2788 II,
953 2717 1002 2784 15,
1022 2720 1065 2775 10.
1080 2735 1110 2788 p·
1130 2715 1189 2773 347.
1201 2742 1234 2755 -·

162 2789 298 2841 theodotes
311 2790 366 2840 vit.
381 2790 447 2841 Ven.
464 2792 488 2842 1.
506 2791 531 2842 2.
548 2787 612 2840 Tul.
952 2820 956 2831 .

200 2858 337 2924 essentie]
358 2874 415 2909 om.
431 2870 457 2909 et
470 2857 538 2909 Rus.

197 2928 292 2979 iisdem
306 2929 338 2976 tle
353 2927 446 2996 rebus]
465 2938 490 2975 et
506 2927 599 2976 iisdem
611 2927 645 2976 de
659 2945 681 2980 r.
693 2925 750 2978 Vit·
762 2926 815 2981 Dr.
828 2926 899 2981 Ven.
912 2929 937 2981 1.
948 2927 975 2981 2.
988 2922 1066 2981 Med.
1079 2923 1150 2982 Tul·

200 3003 301 3047 omnino
318 2995 384 3046 haec
398 3000 472 3060 esse]
490 2997 590 3045 omnino
605 3015 658 3045 non
670 3015 727 3046 esse
737 2997 797 3050 Vet.

163 3095 169 3103 ·
198 3067 233 3116 ab
247 3065 307 3127 his]
327 3066 360 3114 ab
378 3065 412 3114 iis
427 3064 493 3118 Ruf-
507 3081 551 3130 up.
568 3064 640 3115 Pitls.

199 3132 337 3200 nescium]
356 3133 410 3185 vu.
425 3136 477 3186 Dr.
492 3133 573 3185 Aldd.
587 3136 629 3185 Ju.
647 3133 694 3186 Cr.
708 3134 788 3197 Mau.
812 3135 845 3188 L.
869 3135 953 3189 Grut.
981 3131 1032 3186 Or.
1054 3158 1087 3171 -
1112 3132 1232 3186 nesciant

163 3202 234 3257 Ven.
248 3205 271 3257 1.
284 3205 310 3257 2·
327 3202 404 3255 Med.
418 3204 481 3256 Tul.
499 3202 565 3254 Ern.
582 3201 646 3258 Sch.
661 3219 694 3254 tto
708 3203 802 3256 Rulln.
814 3231 850 3244 ·-
863 3205 996 3254 nesciatur
1008 3203 1069 3252 Vet.

234 3273 292 3329 178.
328 3275 391 3339 quin
406 3273 472 3341 ipsi]
493 3273 547 3324 Vit.
561 3273 613 3325 Dr.
628 3276 697 3325 Veu.
713 3275 737 3327 1.
753 3275 778 3326 2.
791 3273 857 3326 Tul.
871 3272 943 3324 Viot.
967 3273 1051 3324 Grut.
1068 3296 1107 3307 -
1125 3270 1198 3338 quod
1211 3268 1234 3317 ei

161 3343 207 3392 ito
220 3353 260 3392 est
272 3345 320 3408 (ne
332 3360 390 3391 vero
406 3341 486 3393 uliier
496 3339 637 3407 existimo)
656 3344 724 3408 quod
740 3342 793 3410 ipsi
806 3343 862 3392 suis
877 3361 898 3394 s.
921 3359 972 3391 non
994 3348 1144 3404 onerentur,
1168 3335 1236 3388 nihil

159 3429 211 3461 neo
223 3412 261 3462 eie
275 3413 355 3460 inane
370 3412 481 3465 viderur.
498 3410 558 3462 Ald.
574 3413 598 3464 1.
608 3438 644 3449 -
656 3412 725 3478 quod
736 3412 762 3460 si
776 3413 816 3461 ita
831 3420 870 3460 eei
891 3411 957 3476 (nee
968 3426 1027 3460 vero
1041 3406 1123 3458 aliter
1141 3408 1235 3456 exieri-

162 3496 222 3548 mo,
241 3482 309 3550 quod
323 3481 376 3548 ipsi
397 3499 419 3532 e.
435 3498 455 3530 e.
478 3499 530 3528 non
549 3482 697 3543 moventur)
722 3479 822 3530 nihilne
843 3486 895 3530 eto.
919 3479 981 3532 Alo.
999 3479 1026 3532 ἰ.
1046 3501 1081 3515 ·-·
1099 3475 1235 3545 quotlipst'

163 3568 186 3602 e.
199 3568 221 3602 e.
237 3562 427 3610 nemmem,
445 3546 565 3598 nihileis
582 3550 661 3598 inune
680 3549 784 3598 videtur
804 3550 864 3598 Vet.
883 3575 919 3588 ·-
937 3550 1001 3616 quia
1019 3547 1072 3613 ipsi
1092 3564 1115 3595 s.
1137 3564 1162 3595 s.
1184 3561 1234 3595 non

162 3629 307 3683 mouentur,
325 3617 424 3669 nihilne
436 3619 474 3666 eis
489 3616 543 3668 Vit.
563 3617 615 3668 Dr·
639 3617 707 3671 Ven.
725 3620 749 3671 1.
767 3619 793 3670 2.
809 3617 873 3668 Tul.
894 3616 969 3668 vict.
993 3616 1076 3668 Grut.
1096 3641 1132 3652 -
1151 3614 1234 3681 quid?

162 3688 217 3753 ipsi
231 3691 286 3736 suis
302 3706 323 3741 e.
340 3706 392 3736 nou
413 3686 563 3737 moventur?
581 3684 681 3736 nihilne
692 3687 729 3735 eie
753 3687 771 3741 i.
787 3688 909 3737 uidetur?
928 3684 1036 3753 Gryph.
1059 3685 1082 3736 1.
1103 3683 1136 3734 L.
1153 3683 1232 3734 Men.

160 3754 304 3810 Ernech.
312 3755 362 3808 Or.
382 3753 435 3807 Sed
448 3754 562 3824 vulgate
577 3753 662 3805 lectio
678 3753 768 3806 multo
781 3754 918 3806 maiorem
932 3754 1018 3806 hebet
1031 3752 1099 3806 vim.
1114 3753 1233 3804 Putant·

164 3838 201 3874 ne
217 3839 283 3891 ergo
302 3823 362 3888 illi,
389 3840 448 3876 esse
474 3824 588 3874 omnino
613 3823 683 3876 nihil
702 3824 863 3875 claudicans
884 3824 913 3874 in
933 3824 1077 3885 oratione,
1102 3836 1135 3873 eo
1156 3818 1234 3888 quod

161 3891 218 3960 ipsi
232 3894 268 3944 nd
282 3894 458 3945 sentiendum
473 3892 502 3942 id
516 3891 599 3943 nimis
614 3902 681 3944 sunt
697 3893 829 3944 hebetes?
845 3893 897 3944 Isti
911 3892 995 3944 nimie
1010 3900 1076 3943 erint
1097 3890 1185 3944 rudes
1198 3889 1234 3942 ud

141 3961 478 4032 'sentiendumidquod
496 3961 637 4013 claudicet
657 3963 687 4012 in
706 3963 849 4028 oratione,
881 3960 1001 4033 ideoque
1017 3967 1137 4031 putent,
1174 3974 1234 4015 esse

160 4032 279 4082 omnino
292 4029 365 4081 nihil
378 4031 408 4081 in
423 4047 454 4082 eu
467 4031 550 4082 irene
563 4039 591 4082 et
610 4041 732 4086 curtum.

196 4098 348 4166 moventur]
368 4112 519 4152 moveantur
534 4101 588 4152 Gn.
603 4099 629 4154 8.
645 4101 712 4155 Ven.
736 4102 760 4153 1.
777 4096 844 4152 sch.
855 4100 882 4153 2.

172 4201 175 4205 ·
195 4172 301 4220 uidetur
317 4169 413 4236 inane]
433 4170 484 4221 Dr.
501 4197 534 4208 -
549 4171 628 4220 inane
639 4170 743 4219 viderur
756 4169 899 4220 Ceteri-
910 4170 1032 4223 videatur
1046 4167 1114 4224 Seli·
1125 4169 1157 4227 2

194 4239 319 4310 metum]
336 4249 457 4290 curarum
471 4237 580 4297 Vinel.
596 4255 635 4294 m.
646 4236 819 4291 -ineultum
837 4238 902 4296 vet,
