2692 5018
306 260 373 326 AD
403 260 630 330 MARCUM
658 261 888 332 BRUTUM.
1072 274 1133 339 147

53 420 201 478 numero
222 425 336 479 coacta
358 412 455 480 debet
476 413 647 493 insistere,
670 417 904 484 verumetiam
920 420 1008 505 quod
1025 420 1133 486 multo

53 516 220 582 maiorem
242 512 368 580 habent
388 527 466 602 apta
488 516 559 582 vim
586 539 688 602 quam
710 522 832 587 soluts.
874 521 922 587 Ut
943 521 1033 587 euim
1056 519 1131 588 ath·

52 619 138 683 letas
165 640 228 684 neo
258 615 368 682 multo
402 638 494 683 aecus
526 619 726 704 gladiatores
760 622 914 688 videmus
952 621 1040 689 nihil
1068 645 1131 688 neo

55 720 197 787 vitando
224 719 334 784 facere
360 730 459 784 caute
485 741 547 787 uro
568 724 715 810 petendo
737 724 976 802 vehementer,
1006 725 1040 790 in
1064 746 1152 810 quo,

54 845 125 888 nou
148 832 259 887 motus
278 819 332 885 hio
353 821 475 888 habeat
504 824 707 910 palaestram
728 828 930 910 quandams
946 838 1000 900 ut,
1031 828 1134 910 quid-

55 924 134 1010 quid
159 924 194 990 iu
218 921 270 987 his
290 922 391 988 rebus
413 922 472 989 fiat
485 924 613 990 utiliter
628 926 669 990 sd
687 948 855 1015 pugnam,
877 928 964 991 idern
980 929 1020 992 ad
1037 952 1135 1014 aspa·
1181 974 1185 981 -

55 1038 146 1094 ctum
170 1024 271 1090 etiarn
295 1023 338 1088 sit
358 1037 554 1091 venustum:
576 1024 623 1092 aio
644 1027 752 1093 oratio
769 1048 829 1092 nea
846 1029 978 1116 plagam
996 1051 1134 1116 gravem

56 1127 152 1202 facit,
175 1126 240 1192 uisi
262 1128 380 1211 petitio
406 1126 472 1192 fuit
492 1138 590 1213 apta,
618 1150 681 1194 nec
700 1128 778 1194 satis
800 1129 1043 1198 tute-deelinat
1067 1132 1136 1198 im-

57 1243 190 1319 petum,
221 1227 284 1294 nisi
306 1229 406 1295 etiam
436 1227 472 1294 iu
502 1229 669 1301 cedendo.
700 1229 783 1319 quid
810 1229 943 1313 deceat,
971 1233 1133 1322 intelligit.

57 1337 174 1420 ltaque
202 1329 307 1418 qualis
337 1352 456 1396 eorum
488 1345 598 1396 motus
625 1353 708 1417 quoa
736 1329 979 1418 ἀπαλαίστρους
1008 1337 1128 1403 Graeci
1144 1341 1196 1397 229

57 1445 192 1515 vocant,
215 1433 289 1499 talis
311 1434 434 1499 horum
457 1432 540 1497 mihi
564 1433 699 1497 videtur
722 1434 845 1515 oratio,
867 1438 925 1523 qui
948 1460 1015 1503 uon
1040 1442 1136 1505 slau-

58 1538 144 1606 dunt
168 1533 320 1603 numeris
341 1534 537 1615 sententias,
557 1546 760 1623 tantumque
779 1536 887 1618 abest,
907 1561 967 1622 ne,
989 1541 1078 1627 quod
1103 1541 1136 1618 ii,

55 1639 115 1730 qui
144 1640 207 1704 hoo
234 1648 294 1702 aut
322 1635 562 1723 magistrorum
592 1637 707 1725 inopia
734 1649 794 1704 aut
823 1638 949 1724 ingenii
979 1641 1135 1708 tarditate

56 1753 118 1808 aut
138 1738 259 1807 laboris
279 1737 359 1826 fuga
380 1760 451 1804 non
472 1750 553 1806 sunt
573 1739 730 1820 assecuti,
752 1741 861 1807 solent
883 1741 1012 1824 dicare,
1035 1765 1136 1811 ener-

58 1855 159 1909 vetur
179 1841 283 1907 oratio
305 1839 545 1929 compositione
565 1841 766 1917 verborum,
788 1855 826 1907 ut
846 1844 942 1910 aliter
959 1845 995 1910 in
1013 1869 1052 1910 ea
1074 1868 1150 1913 neo*

58 1949 205 2031 impetus
227 1943 313 2007 ullas
336 1965 399 2007 nro
420 1942 471 2008 vis
499 1964 569 2013 aare
603 1944 716 2030 possit.
759 1946 832 2014 Sed
854 1968 1011 2032 magnam
1035 1970 1136 2014 exer·
1157 1974 1199 2037 59

57 2047 249 2115 citationem
265 2066 319 2111 res
339 2043 483 2129 flagitat,
512 2068 556 2110 ne
587 2046 667 2130 quid
699 2066 837 2129 eorum,
867 2051 925 2132 qui
947 2070 1053 2134 genus
1074 2051 1137 2114 hoo

57 2147 162 2216 secuti
183 2170 254 2212 non
277 2157 477 2225 tenuerunt,
513 2146 622 2212 simile
653 2146 833 2242 iaciamus,
867 2172 911 2215 aa
938 2161 997 2215 aut
1028 2151 1150 2217 verba

57 2310 250 2330 m»

57 2438 89 2496 dl
102 2434 232 2508 τελευτὴν
244 2441 329 2493 ποιεῖ.
347 2433 366 2506 ἡ
385 2435 437 2506 polo
452 2438 569 2509 βραχεῖα
588 2432 638 2494 διὰ
657 2435 690 2493 td
708 2432 806 2508 ἆτιλής
817 2435 890 2495 εἶναι
906 2443 986 2499 ποιεῖ
998 2439 1133 2529 κολοβόν·

58 2509 129 2566 strat
141 2511 185 2564 tat
195 2509 229 2580 τῇ
242 2509 338 2581 μακρᾷ
357 2503 568 2562 ἀποκόπτεσθαι
581 2511 628 2563 aul
646 2506 734 2577 δήλην
747 2504 880 2578 εἶναιτὴν
895 2506 1024 2582 τελευτήν
1037 2531 1075 2583 μη
1091 2510 1139 2570 tat

56 2581 107 2636 τὸν
121 2574 268 2649 γράφοντα
283 2572 354 2644 μηδὲ
366 2574 415 2630 daal
427 2575 480 2647 τήν
496 2595 564 2646 παρ
572 2598 636 2648 app
646 2598 664 2630 ιι
674 2598 695 2646 φ
704 2573 745 2647 ἡν
763 2573 832 2634 ἀλλὰ
844 2576 892 2635 διὰ
905 2577 955 2635 sdv
970 2581 1092 2652 ῥυθμόν.

92 2651 188 2701 liabent
203 2645 349 2716 aptarim]
368 2649 491 2697 maiorem
505 2650 556 2697 vim
568 2649 664 2714 habent
678 2662 744 2714 apta
760 2649 814 2704 vit.

91 2731 122 2770 ut
134 2718 223 2784 enim]
243 2733 299 2769 om.
315 2719 382 2766 enim
397 2715 451 2767 Vit.
465 2743 499 2754 -·
514 2716 647 2768 athelstan
662 2718 714 2773 Dr.

94 2790 163 2838 idem
176 2785 228 2853 od]
249 2787 279 2836 id
292 2786 328 2834 ad
341 2786 408 2836 Van.
420 2787 446 2838 2.
464 2784 527 2837 Tul.
542 2813 576 2825 -
594 2789 623 2837 id
640 2799 680 2837 est
695 2787 732 2836 ad
751 2798 886 2857 aspertum
897 2787 953 2844 vit.

97 2857 178 2905 etiam
195 2857 231 2904 sit
261 2852 304 2924 fit
321 2854 389 2905 Vett.
409 2854 434 2908 1.

60 2921 234 3044 vslmltllpm
270 2921 329 2992 fiat
347 2934 413 2992 apta
436 2923 494 2981 vit.
520 2923 589 2976 Ven-
608 2926 635 2979 Ξ.
651 2921 717 2976 Tul.
736 2952 771 2963 -
786 2923 878 2994 fuerit
896 2937 962 2996 apta
982 2925 1066 2983 Aldd.
1086 2928 1134 2982 Cr.

87 3009 136 3045 10.
190 3007 234 3043 fill·

94 3080 142 3110 nec
155 3062 222 3110 satis
238 3059 311 3128 tute]
329 3058 386 3113 vit.
400 3085 434 3098 ·-
447 3077 493 3109 nra
505 3061 575 3110 satia
586 3071 655 3113 reete
666 3058 743 3115 Med.
757 3059 822 3114 Tul.
837 3061 883 3119 Cr.
897 3063 941 3114 Jtt.
951 3063 1003 3117 Or.
1020 3076 1137 3119 -terte

55 3128 140 3183 Aldd.
155 3127 227 3182 Vict.
242 3129 320 3184 Man.
333 3130 364 3180 1..
380 3127 489 3196 Gryph.
503 3129 528 3183 1.
543 3156 575 3168 -
596 3133 661 3179 tecti
671 3128 805 3181 aeclinant
823 3131 876 3183 Dr.
890 3159 925 3171 -
942 3134 1007 3183 tecti
1024 3135 1093 3191 Vsu.
1109 3138 1136 3190 l.

60 3229 90 3240 -
105 3210 176 3249 reeta
189 3199 258 3249 Van.
268 3200 294 3252 2.
311 3198 387 3251 conf.
401 3198 437 3249 sd
452 3198 573 3250 Herenn.
590 3199 644 3265 111,
662 3201 687 3253 7.
703 3226 736 3237 -
749 3200 861 3263 „ordin
873 3201 1000 3267 dicemus,
1017 3205 1136 3273 utquid,

57 3287 189 3386 quomqlrpa
199 3279 253 3350 tute
265 3280 395 3387 prpultlepuet
406 3269 505 3392 ‘illm’
524 3266 723 3337 intelligatur.“

123 3350 180 3386 tes
214 3348 225 3387 t
260 3355 313 3386 ιιιι
336 3354 344 3386 ι
365 3355 382 3386 a
436 3352 468 3386 1.

93 3354 210 3461 ”¹225
224 3336 443 3473 duatulodpovr]
461 3403 555 3474 Staph.
573 3404 639 3458 Lex.
652 3403 712 3457 Cic.
729 3403 766 3460 G.
781 3404 814 3458 L.
831 3401 940 3491 Gryph.
959 3407 986 3462 2.
999 3405 1065 3462 Seli.
1082 3408 1135 3466 Or.

56 3505 93 3516 -
109 3475 275 3540 apulaesrros
287 3476 339 3530 Dr.
355 3476 422 3528 Ven.
437 3475 464 3528 2.
479 3473 544 3528 Tul.
557 3502 591 3514 —
609 3472 743 3542 apalestro
757 3474 813 3531 Vit.
831 3502 867 3514 -
882 3476 1072 3542 απαλαίστοιις
1085 3479 1137 3533 Ga·

57 3544 114 3597 terr
127 3558 162 3595 ιο
175 3541 270 3612 spara.
286 3540 322 3594 aa
336 3543 451 3612 Quina.
465 3542 520 3608 rx,
538 3541 571 3608 4,
595 3544 639 3599 so.
656 3569 692 3585 -
708 3534 878 3607 ἄιάιαιιιος
893 3546 959 3600 ven.
977 3550 1003 3602 1.

94 3612 253 3680 sententias]
274 3614 430 3662 cantantium
453 3628 510 3681 mg.
531 3613 608 3668 1578.

92 3692 245 3749 tantamque
267 3683 340 3731 adeat
359 3679 406 3762 ut]
439 3680 485 3732 sie
504 3681 573 3734 Eru.
593 3678 658 3734 Sall.
685 3680 737 3734 Or.
767 3679 861 3734 Ceteri
887 3691 1043 3752 tantumque
1060 3684 1137 3737 abest

58 3769 106 3815 ιιι,
125 3749 264 3818 probante
278 3749 423 3818 Schuppro
438 3748 659 3822 Untersuohuug
675 3749 747 3803 uter
764 3749 810 3803 dis
827 3749 922 3803 latain.
941 3752 1138 3808 Bindeformel

57 3835 116 3939 upa
131 3817 217 3939 nssodo
231 3835 291 3870 non
301 3846 336 3861 -
351 3817 401 3871 aad
413 3833 452 3871 rte
467 3817 589 3889 quidem.
606 3836 635 3890 p.
654 3817 697 3876 43.
722 3818 822 3887 Hansu
843 3819 921 3876 1825.
937 3833 1139 3894 —tantumque

58 3906 76 3937 a
94 3909 126 3938 ne
168 3903 190 3942 r.
971 3910 975 3918 ¹

93 3958 116 4006 ii
130 3956 192 4025 put]
212 3955 242 4006 1ιί
254 3955 307 4009 Dr.
324 3955 393 4038 ven.
416 3958 441 4038 1ἱ
458 3957 485 4012 2.
505 3955 584 4015 Mad.
602 3955 668 4013 Tul.

92 4023 488 4163 ulgslldfrd9lmadldlcerrvlllo]
508 4107 557 4147 aut
572 4093 683 4166 pendat.
710 4092 815 4146 Dicere
825 4092 918 4147 voluit
933 4110 989 4149 uno
1005 4095 1137 4167 deinceps

58 4169 175 4215 tenores
202 4183 235 4215 ne
247 4173 295 4214 aut
309 4163 387 4213 verda
400 4164 570 4217 traiiriamua
584 4176 687 4234 aperte,
705 4174 754 4214 aut
767 4181 870 4214 numero
890 4169 1027 4217 servierim
1042 4170 1137 4219 inania

59 4230 219 4285 inculcemus
234 4232 330 4298 verba,
348 4242 395 4283 aut
411 4238 580 4288 concidantur
599 4249 733 4301 numeras,
751 4243 800 4285 out
814 4233 842 4284 ιἰι
853 4234 949 4293 Ιιοιὶιιιι
963 4255 1062 4304 seraper
1080 4254 1138 4288 ver·

851 4299 926 4370 Ka
