2656 5018
317 100 650 186 sa'naaau'n
683 118 921 186 aaaron.
1117 130 1160 195 4⁵

73 292 166 348 ceute
200 277 255 343 sic
288 275 376 341 haec
404 273 535 340 subtilis
558 273 663 340 oratio
694 275 795 340 etiam
828 275 979 342 incomta
1005 276 1159 344 delectat.

73 384 125 449 Fit
140 381 229 444 enim
247 375 412 471 ‹piiddam
430 377 468 442 in
485 387 649 462 utraque,
672 399 739 461 quo
756 378 797 441 sit
812 381 995 461 venustius,
1016 378 1161 445 sednon

70 497 105 550 at
120 492 303 572 appareat.
357 480 451 543 Tum
481 477 711 543 removebitur
727 476 836 543 omnis
857 480 997 566 insignis
1020 493 1160 547 ornatus

67 587 156 672 quasi
177 581 469 669 margaritarum,
492 603 535 645 ne
551 581 733 645 calamistri
747 581 883 667 quidem
898 582 1157 649 adhibebuntur.

64 685 182 754 Fucsti
199 707 289 749 vero
311 682 562 747 medicamenta
586 682 737 747 candoris
755 695 789 747 et
811 685 943 749 ruboris
965 686 1081 750 omnia
1100 708 1158 750 re·
1178 675 1215 732 ⁷9

62 792 259 880 pellentur:
281 784 449 871 elegantia
465 786 567 849 modo
582 796 615 848 et
629 782 791 850 munditia
806 784 1005 849 remanebit.
1033 784 1156 852 Sermo

63 915 179 980 purus
204 889 270 953 erit
287 899 319 952 et
341 888 504 953 Latinus:
535 885 681 950 dilucide
704 884 870 973 planeque
885 887 1035 951 dicetur:
1074 888 1155 973 quid

69 995 207 1064 deceat,
246 989 543 1076 circumspiciatur.
600 988 716 1052 Unum
742 986 849 1051 aderit
872 988 973 1075 (quod
996 999 1157 1075 quartum
1175 996 1220 1061 24

72 1103 231 1159 numerat
251 1093 506 1179 Theophrastus
530 1089 565 1154 in
589 1091 751 1156 arationis
774 1091 941 1175 laudibus)
972 1113 1156 1156 ornamen-

75 1209 145 1262 tum
160 1194 240 1260 illud
256 1216 366 1259 suave
388 1205 421 1257 et
440 1192 590 1267 affluens,
613 1203 731 1257 acutae
747 1193 951 1280 crebraeque
968 1194 1155 1260 sententiae

68 1308 237 1387 ponentur
253 1309 289 1361 et
311 1294 426 1360 nescio
446 1295 538 1360 unde
558 1316 600 1359 ex
621 1293 736 1358 abdito
762 1309 892 1378 erutae,
912 1309 1015 1381 atque
1034 1296 1071 1361 in
1088 1295 1154 1361 hoc

68 1411 199 1465 oratore
220 1398 501 1464 dominabuntur.
552 1395 771 1465 Verecundus
801 1397 864 1464 erit
885 1421 965 1464 usus
987 1398 1154 1465 oratoriae

64 1499 159 1587 quasi
176 1501 407 1587 supellectilis.
452 1498 614 1587 Supellex
637 1510 686 1562 est
708 1498 797 1562 enim
819 1500 1068 1585 quodammodo
1087 1523 1152 1565 no·
1171 1513 1208 1570 80

64 1615 150 1682 stra,
174 1624 262 1687 quae
284 1602 387 1671 estin
404 1600 626 1682 ornamentis,
648 1600 713 1664 alia
726 1622 850 1681 rerum,
874 1604 939 1668 alia
954 1583 1157 1670 verborum.¹

66 1707 219 1770 Ornatus
236 1714 350 1771 autem
360 1703 541 1768 verborum
560 1699 705 1788 duplext
727 1726 817 1767 unus
829 1704 1045 1790 simplicium,
1065 1707 1151 1773 alter

67 1806 319 1877 collocatorum.
369 1803 522 1894 Simplex
541 1805 704 1892 probatur
727 1805 764 1871 in
783 1807 929 1896 propriis
952 1809 1151 1895 usitatisque

98 2147 233 2212 subtilia]
250 2146 365 2198 subtillia
376 2145 433 2197 vit.

102 2217 244 2277 delectat]
263 2215 399 2265 delectabit
412 2212 476 2268 Scit.
493 2215 518 2270 1.

63 2278 1147 2423 ..”aizalitnltatlautta·altatae’tutatuta

62 2440 86 2476 s.
103 2442 130 2476 v.
146 2451 181 2461 -
196 2423 395 2490 margaritarum
410 2438 468 2491 mg.
485 2424 560 2477 1578.

98 2491 302 2542 net-alamirtri
317 2494 437 2559 quidem]
462 2512 508 2541 nea
522 2491 673 2542 calamistri
689 2513 732 2562 au.
759 2493 835 2544 Non.
854 2507 879 2541 v.
900 2487 1092 2540 calamistrum.
1111 2514 1148 2529 -·

64 2561 177 2614 Charis.
200 2561 225 2610 J.
244 2561 280 2613 G.
298 2576 326 2628 p.
342 2561 384 2614 61.
411 2598 428 2625 „
440 2560 613 2611 Calamiatroe
633 2561 732 2613 Cicera
751 2560 906 2614 masculine
927 2557 996 2610 dixit
1014 2567 1043 2609 et
1055 2557 1147 2610 vmo

62 2628 142 2682 huuc
161 2629 372 2693 calamistrum,
396 2628 445 2680 aed
468 2629 545 2679 idem
566 2629 597 2680 in
616 2631 753 2700 l'rifalla,
785 2632 952 2684 calamistro.
979 2636 1009 2681 ct
1029 2625 1147 2682 Plautut

63 2709 181 2767 pecten,
201 2699 364 2766 speculum,
383 2698 564 2748 calamistrum
583 2701 701 2756 matnt.“

100 2768 313 2829 adhibebuntur]
333 2767 490 2817 adhibentur
505 2765 581 2818 Med.

135 2838 180 2891 79.
214 2840 329 2898 Fae-ati]
345 2835 460 2903 placati
473 2835 537 2889 Tul.
553 2852 613 2902 sup.
630 2836 655 2904 §.
670 2838 694 2893 8.

105 2904 308 2966 medicamenta]
327 2906 533 2954 mendicamenta
546 2903 624 2960 Med.

102 2975 254 3040 munditia]
273 2975 414 3024 rnundr'tiea
429 2989 486 3039 mg·
500 2972 576 3028 1584.

136 3044 199 3111 Cap.
217 3044 260 3098 24.
297 3043 404 3109 aderit]
433 3045 517 3092 (aberit
537 3042 590 3095 vit.
605 3041 656 3094 Dr.
671 3040 739 3095 Ven.
757 3043 783 3096 2.
810 3040 889 3097 Med.
910 3040 976 3094 Tul.
991 3070 1020 3082 -
1045 3043 1143 3095 abierit

63 3113 134 3164 Ven.
148 3116 172 3165 1.

95 3185 124 3231 in
138 3180 288 3246 arationis]
306 3180 454 3228 arationum
467 3178 548 3229 Mon.

95 3263 276 3299 ornamentum
292 3247 377 3314 illua]
396 3248 460 3300 Tul.
474 3249 503 3302 L.
518 3278 552 3286 —-
567 3259 687 3297 ornatum
700 3246 769 3299 illud
782 3246 883 3302 Celeri.
897 3276 933 3286 —
947 3246 1059 3299 rolatum
1072 3246 1143 3301 attat

62 3318 127 3372 seh.
142 3322 168 3372 1.
184 3348 221 3357 -
233 3320 377 3368 oratorium
390 3317 459 3367 illud
474 3312 519 3383 (τὸ
535 3309 695 3387 ῥητορικὸν)
711 3318 784 3369 coni.
799 3335 843 3384 sp.
860 3317 908 3370 Or.

95 3400 196 3438 acutae
212 3388 366 3455 crebraeque
377 3390 540 3456 sententiae]
562 3389 592 3440 V.
605 3387 638 3440 de
652 3387 702 3440 Or.
715 3389 742 3455 2,
757 3389 782 3441 8.
800 3388 873 3440 Plin.
886 3386 939 3455 Ep.
951 3384 976 3453 I,
989 3385 1032 3454 16,
1043 3386 1071 3440 2.

93 3471 122 3508 ct
136 3457 247 3522 neseio]
264 3472 320 3510 om.
337 3466 362 3505 et
376 3454 409 3510 L.

93 3528 166 3576 unde
181 3524 232 3592 ex]
251 3527 357 3574 undeet
371 3524 422 3576 Dr.

96 3593 207 3662 abdita]
227 3596 302 3643 adita
317 3593 399 3644 Mon.

95 3667 123 3714 in
139 3663 190 3714 bae
206 3674 273 3716 arat.
289 3663 505 3731 dominabuntur]
532 3661 640 3731 Gryplt.
661 3664 687 3716 2.
705 3666 737 3716 L.
749 3658 844 3730 Steph.
858 3658 941 3711 Grut.
957 3658 1026 3711 Em.
1042 3659 1091 3714 Or.
1105 3688 1141 3700 -

62 3731 110 3782 bae
128 3734 156 3780 in
177 3743 283 3782 aratore
303 3733 479 3782 dominabitur
497 3731 560 3785 Ald.
572 3735 599 3786 2.
619 3760 646 3770 -
663 3740 690 3781 in
704 3732 753 3781 boc
773 3743 876 3780 oratore
892 3730 1072 3780 darninabr'tnr
1085 3729 1140 3783 Vit.

62 3800 112 3851 Dr.
128 3801 198 3852 Ven.
221 3802 246 3853 1.
274 3799 352 3852 Med.
374 3800 440 3852 Tul.
466 3803 509 3857 lu.
528 3801 602 3853 vtet.
622 3802 703 3855 Man.
728 3826 757 3837 -
779 3803 807 3851 in
825 3798 874 3848 baa
894 3810 967 3893 aratz
984 3800 1140 3893 ⁴dominatur

63 3869 288 4006 veditlpdllreetilis]
308 3954 333 3990 v.
348 3938 423 3993 Non.
435 3936 463 3992 h.
478 3955 501 3988 v.

128 4009 172 4062 80.
207 4019 296 4057 autem
306 4000 460 4072 verborum]
480 4023 537 4062 om.
554 4006 687 4060 verborum
702 4005 756 4059 Vll·
770 4002 840 4065 ven·
854 4007 881 4061 2.
898 4007 979 4059 Mon.

95 4075 227 4147 simplex]
247 4075 407 4146 simplicium
421 4073 496 4156 sch.
