2692 5018
201 255 245 318 26
635 241 855 311 ORATOR

202 391 324 468 dioeves
366 399 493 469 Verum
524 398 608 463 haee
634 398 793 463 ludorum
815 408 916 485 atque
937 419 1103 489 pompaei
1138 421 1211 467 noe
1234 422 1297 469 au·

201 516 271 570 tem
293 505 363 568 iam
386 500 422 566 in
443 502 547 567 aciem
570 502 889 588 dimicationemque
907 501 1165 571 descendamus.

143 617 183 679 14
255 605 260 613 ’
290 603 460 692 Quoniam
483 605 547 669 tria
568 603 715 668 videnda
736 617 815 667 eunt
837 605 982 693 oratori,
1011 605 1090 690 quid
1115 605 1235 686 dicat,
1265 618 1297 674 et

146 718 182 775 43
203 731 269 797 quo
291 705 553 793 quidqueloco,
577 716 610 769 et
628 706 819 789 quomod03
859 705 1038 771 dicendum
1060 707 1214 773 omnino
1238 720 1296 792 en,

201 810 283 898 qnid
306 811 348 876 eit
369 809 535 895 optimum
556 807 594 870 in
615 808 765 895 siugulis,
786 807 842 873 sed
865 807 1035 893 aliquanto
1057 832 1170 890 secus,
1193 823 1296 897 atque

201 915 236 980 in
259 913 422 978 tradenda
445 923 518 975 arte
538 909 602 979 dici
623 913 716 978 solet.
782 912 879 976 Nulla
910 922 1098 999 praecepta
1111 933 1296 999 ponemus,

203 1014 440 1106 (nequeenim
463 1014 496 1077 id
519 1012 739 1098 suscepimus)
765 1014 823 1076 aed
854 1014 1048 1092 excellentie
1069 1014 1296 1100 eloquentiae

201 1117 344 1206 speciem
366 1128 400 1179 et
421 1115 568 1181 formam
590 1114 886 1181 adumbrabimue:
923 1139 1003 1197 neo,
1037 1116 1166 1202 quibua
1191 1117 1297 1183 rebus
1328 1176 1334 1191 ,

202 1243 242 1285 ea
263 1230 420 1308 paretur,
443 1238 673 1305 exponemus,
703 1218 759 1282 aed
783 1219 890 1302 qualis
912 1219 1008 1284 nobis
1030 1243 1098 1284 esse
1123 1219 1296 1287 videatur.

146 1328 181 1388 44
203 1324 252 1391 Ao
272 1323 341 1387 duo
363 1321 510 1385 breviter
538 1319 661 1404 prima.
720 1319 806 1385 Sunt
833 1320 922 1385 enim
953 1342 1022 1384 non
1048 1331 1121 1386 tam
1144 1321 1298 1410 insignit

203 1425 245 1491 ad
268 1423 453 1490 maximam
477 1423 610 1488 laudem
646 1443 746 1507 quam
777 1423 962 1489 necessaria
996 1434 1030 1487 et
1059 1433 1185 1491 tamen
1219 1448 1297 1491 cum

204 1527 316 1593 multis
338 1547 444 1613 paene
466 1520 669 1591 communia.

288 1628 374 1695 Nam
405 1637 440 1691 et
468 1627 624 1692 invenire
653 1636 686 1690 et
714 1625 879 1708 iudicare,
914 1626 995 1715 quid
1018 1627 1127 1710 dicae,
1168 1650 1296 1714 magna

205 1731 341 1819 quidem
368 1730 425 1796 illa
455 1742 530 1795 sunt
562 1741 595 1793 et
626 1741 787 1814 tanquam
814 1729 919 1795 animi
947 1716 1052 1795 instat·
1072 1730 1110 1794 in
1135 1753 1296 1820 corpore,

203 1837 259 1903 aed
290 1833 426 1922 propria
455 1832 560 1917 magis
596 1830 796 1915 prudentiae
825 1853 925 1916 quam
955 1832 1194 1918 eloquentiae:
1235 1857 1295 1920 qna

203 1938 372 2005 tamenin
394 1958 490 2000 causa
512 1943 562 1998 est
583 1955 691 1998 vaona
705 1933 904 2020 prudentia?
946 1933 1085 2003 Noverit
1103 1933 1225 2021 igitur
1246 1936 1295 2000 hio

206 2119 416 2135 μ

238 2265 325 2297 verum
339 2244 424 2308 hoec]
444 2262 530 2294 verum
545 2245 595 2295 Ιιοι·
608 2245 660 2297 Dr.
679 2243 734 2296 Gu.
751 2246 774 2299 1.
791 2251 816 2301 2.

238 2335 286 2366 nee
298 2327 385 2364 nutem
401 2315 470 2381 iem]
490 2332 544 2366 om.
561 2318 615 2365 iam
634 2314 688 2366 Gu·
705 2317 727 2367 1.
742 2316 768 2368 2·
787 2310 851 2364 seh.
867 2315 891 2366 1.
909 2312 992 2364 Mon.

237 2387 440 2447 descendamus]
463 2386 528 2440 Ven.
544 2386 567 2437 l.
585 2383 662 2436 Med.
681 2384 749 2434 Erit.
762 2381 828 2433 Sch.
844 2381 894 2434 Or.
908 2406 942 2423 ··-
959 2381 1094 2432 veniamne
1110 2380 1232 2439 Ceteri.

274 2470 404 2540 Cup.14.
439 2470 481 2525 43.
517 2473 662 2537 quomodo,·
681 2469 838 2533 dicendum]
858 2469 1059 2527 quodieenaum
1072 2468 1146 2524 Ven.
1167 2475 1198 2529 1.
1219 2473 1290 2529 Med.

238 2554 288 2604 cat,
303 2545 389 2609 quid]
407 2553 455 2605 eet,
473 2551 499 2589 et
513 2543 575 2608 quid
589 2545 657 2594 Ven.
673 2543 695 2593 1,
708 2540 735 2591 2.
753 2537 830 2592 Med.
844 2536 908 2589 Tul.

238 2622 320 2678 oeque
337 2613 364 2659 in
383 2611 474 2674 tram]
494 2626 550 2659 om.
565 2621 644 2674 atque
655 2609 736 2658 Mun.

238 2698 301 2744 nec,
320 2680 413 2747 quibua
427 2706 459 2719 -
477 2677 722 2744 experimendum.
741 2676 796 2728 Gn.
811 2677 834 2733 1.

272 2761 316 2818 44.
350 2774 411 2812 eunt
426 2765 493 2812 enim
507 2781 557 2813 non
572 2763 643 2830 tarn]
665 2774 725 2812 aient
739 2763 806 2811 enim
821 2774 875 2814 tam
887 2763 944 2816 Vit.
960 2766 984 2820 1.
1001 2780 1039 2817 m.

257 2836 304 2882 uid
320 2833 415 2898 dicae]
435 2834 498 2898 quid
520 2844 544 2881 et
560 2850 607 2886 quo
624 2833 680 2885 loco
697 2833 773 2882 dicae
789 2830 853 2886 Sch.
883 2832 1003 2885 Fallitur
1016 2830 1186 2887 Schiitzius.
1223 2835 1291 2889 Nam

205 2852 270 2952 inge
289 2901 324 2951 eb
347 2900 405 2950 illis
432 2901 523 2951 verbis
546 2902 615 2951 Nom
632 2914 657 2952 et
673 2903 788 2951 inuenire
806 2912 831 2950 et
847 2905 965 2952 iudicare
979 2907 1044 2970 quid
1062 2905 1140 2953 dicae
1157 2913 1220 2958 etc.
1239 2921 1291 2958 non

206 2969 241 3022 de
261 2969 449 3021 collocutione
470 2970 604 3037 oratorie,
630 2982 663 3023 nt
683 2987 715 3022 ex
728 2969 820 3022 verbis
836 2971 904 3040 ipsis
921 2981 1051 3038 apparet,
1072 2971 1122 3022 sed
1136 2971 1179 3024 de
1193 2975 1291 3028 inven-

205 3040 285 3091 tione
300 3038 468 3106 disputatnr.
506 3041 605 3091 Cicero
628 3039 704 3091 enim
724 3048 871 3108 postquam
892 3040 1025 3093 diviserat
1043 3043 1173 3093 oratorie
1189 3058 1291 3097 inunut

204 3108 303 3161 intrie
320 3108 427 3177 capite,
451 3108 484 3160 de
502 3109 619 3178 singulis
639 3109 831 3173 nuno-dicere
846 3110 956 3177 inoipit.
992 3109 1072 3162 Priut
1087 3118 1192 3165 antem
1209 3129 1291 3184 quern

206 3179 241 3230 de
254 3179 345 3244 primu
359 3189 438 3245 parte
452 3178 494 3228 vel
508 3179 541 3230 de
551 3179 716 3230 inventione
730 3177 871 3245 loquitur,
890 3180 1117 3231 observationem
1132 3185 1291 3250 quendem,

205 3264 277 3369 quae
294 3248 328 3300 ad
344 3247 399 3299 duo
416 3249 507 3316 prime
519 3249 611 3317 capita
628 3248 817 3301 communiter
828 3257 947 3316 epeotat,
964 3250 1136 3318 praemittit:
1159 3259 1230 3317 „Ae
1243 3256 1290 3305 duo

223 3319 316 3368 renitet
331 3345 365 3358 -·
381 3346 416 3356 -
433 3322 614 3371 communt‘a.“
650 3319 732 3370 Nunc
747 3333 814 3368 vero
833 3319 867 3369 nd
885 3318 1020 3386 primam,
1044 3331 1177 3386 quaeest
1195 3323 1232 3375 de
1247 3322 1292 3374 in·

205 3386 352 3454 ventione,
377 3387 598 3454 disputationem
622 3404 652 3438 ee
675 3385 768 3437 vertit.
805 3387 930 3439 Absolvit
949 3389 1022 3439 hano
1040 3390 1197 3444 materiem
1214 3393 1290 3461 §.42

203 3458 278 3507 Tum
302 3456 453 3508 secundam
472 3465 598 3524 partem,
624 3456 842 3511 collocationem
864 3458 984 3526 suscipit
1009 3457 1034 3524 §.
1050 3460 1093 3512 50.
1126 3464 1218 3524 „Iam
1234 3480 1290 3513 vero

204 3545 263 3644 :n
278 3527 1125 3664 1ΐῖἶᾶἰῖῗῖΜὲ1311ἆῖ11113.ἵζ’.”ίῖἶῖξ.“.’.”..1ῗ.ἳῖ”ῗ.”ἷ.ἷ.ῗ
1134 3534 1292 3654 &iiiiii

185 3682 189 3687 ’
208 3661 450 3730 diuquisitiottem:
469 3666 574 3731 „Atque
589 3667 616 3713 in
628 3666 722 3731 primia
733 3667 834 3716 duobue
852 3669 958 3716 dicendi
970 3667 1092 3728 portibua
1106 3669 1201 3732 qualia
1213 3681 1291 3735 cenet,

205 3734 353 3782 stemmatim
361 3735 518 3799 breviterque
528 3735 742 3802 deacripeimue.“
754 3735 846 3787 Loeue
854 3744 948 3788 autem
959 3735 1155 3805 Quincuvlii.
1167 3740 1239 3794 Pro.
1250 3739 1291 3793 13.

208 3800 280 3852 nihil
294 3816 360 3851 sene
371 3801 479 3868 probet.
622 3855 623 3859 ,
979 3834 984 3845 ι

239 3887 338 3937 magne
351 3871 453 3935 mesilam
468 3868 529 3938 itta]
549 3870 617 3922 Ven.
632 3873 659 3926 2.
676 3871 740 3925 Tul.
750 3888 889 3937 —mngnn
905 3871 954 3922 illa
968 3873 1072 3930 quidem
1087 3871 1198 3935 Ceteri.
1221 3878 1292 3933 Par·

205 3938 294 3991 tieula
311 3941 412 4007 quietem
427 3937 454 3990 h.
468 3939 487 3992 1.
501 3938 536 3991 ad
551 3958 651 4011 magno
665 3941 797 4010 pertinet·
810 3941 848 3997 cf.
865 3941 891 4009 §.
906 3941 946 3997 18.
960 3943 1003 3998 76.

234 4022 310 4074 eunt,
329 4007 371 4074 et]
393 4020 415 4056 et
433 4009 589 4062 euntKob.

234 4079 280 4127 teil
290 4076 414 4145 propria]
432 4083 537 4146 proprie
545 4079 597 4131 Dr.
612 4078 666 4135 Gu.
681 4080 705 4134 1.
717 4081 743 4133 2.

230 4164 284 4212 qun
297 4159 383 4197 tumen
399 4150 427 4196 in
445 4149 544 4214 cauta]
563 4148 618 4199 Vit.
634 4150 685 4202 Dr.
700 4149 766 4200 Ven.
778 4152 801 4204 1.
818 4147 893 4200 Med·
909 4150 953 4200 Iu.
971 4152 995 4203 1.
1015 4149 1076 4206 Ald.
1091 4152 1178 4217 Grut,
1193 4157 1294 4212 Or.-

207 4233 274 4282 quoe
286 4217 354 4265 enim
368 4234 450 4267 canen
463 4229 500 4267 eet
512 4236 596 4268 vacua
610 4238 634 4282 p.
649 4219 752 4272 ven-2.
770 4217 833 4270 Tul.
845 4236 897 4287 qua
909 4221 977 4270 enim
991 4222 1020 4271 in
1037 4240 1133 4274 cauata
1146 4239 1189 4279 m
1201 4247 1296 4287 uacua
