2692 5018
345 287 414 352 Aa
449 282 682 373 nasoon
714 254 946 352 snorum
1164 288 1185 354 s

110 464 154 506 ne
177 439 310 528 opifices
333 437 470 526 quidem
496 459 533 503 se
551 436 678 505 artibus
698 437 765 504 suis
782 447 1020 520 removerunt,
1044 435 1102 524 qui
1124 448 1184 503 ant

110 542 226 630 Ialysi,
248 563 351 636 quem
367 540 479 607 Rhodi·
505 538 671 621 vidimus,
701 562 774 606 non
799 549 985 624 potuerunt
1009 548 1067 604 aut
1094 538 1183 604 Coae

108 642 247 714 Veneris
279 639 564 732 pulchritudinem
598 639 736 709 imitari.
790 640 859 708 Nea
885 637 1065 706 simulacro
1096 638 1182 705 lovis

108 745 260 834 Olympii
284 755 342 810 aut
363 741 558 829 Doryphori
579 754 687 808 statua
712 739 880 821 deterriti,
925 739 1049 826 reliqui
1070 744 1182 809 minus
1216 776 1220 782 ·

108 847 241 938 experti
262 855 357 926 sunt,
394 845 475 930 quid
497 843 627 910 efficere
657 854 717 908 aut
747 866 815 932 quo
843 842 999 931 progredi
1014 887 1016 891 ψ
1033 857 1181 931 possent:

107 972 255 1039 quorum
273 959 367 1012 tanta
387 944 568 1012 multitudo
591 946 674 1029 fuit,
698 956 789 1011 tanta
805 943 842 1010 in
862 967 922 1009 suo
946 944 1106 1032 cuiusque
1117 967 1182 1034 gea

108 1074 190 1118 nere
208 1053 297 1130 laus,
319 1058 374 1127 ut,
397 1071 474 1113 cum
495 1071 629 1112 summa
650 1047 869 1123 miraremur,
890 1045 1181 1114 inferiora'tamen

107 1153 337 1241 probaremus.
378 1151 419 1218 Iu
442 1150 630 1216 oratoribus
651 1171 755 1227 vero,
785 1149 923 1215 Graecis
939 1147 1096 1234 quidem,
1115 1149 1180 1214 ud·
1200 1151 1218 1204 6

108 1254 263 1322 mirabile
284 1263 351 1331 est,
381 1262 545 1337 quantum
570 1252 657 1317 inter
680 1273 797 1316 omnes
827 1273 915 1315 unus
934 1250 1086 1321 excellat.
1130 1250 1184 1319 Au

108 1369 240 1433 tamen,
263 1377 340 1419 cum
364 1366 448 1418 esset
470 1353 733 1434 Demosthenes,
766 1353 867 1418 multi
895 1364 1044 1418 oratores
1069 1357 1182 1438 magni

68 1455 77 1460 ”
108 1469 141 1522 et
163 1457 246 1522 olari
269 1455 427 1534 fuerunt,
461 1465 493 1520 et
520 1467 630 1522 antea.
648 1448 812 1534 fuerant.
830 1477 893 1520 nee
919 1462 1035 1543 postea
1055 1453 1182 1519 defece·

105 1569 196 1626 runt.
251 1557 370 1646 Quare
395 1575 466 1621 non
489 1567 555 1640 est,
590 1578 809 1641 aureorum,
839 1557 898 1644 qui
920 1579 956 1624 se
978 1556 1090 1626 studio
1111 1559 1184 1626 elo·.

106 1814 220 1880 „horum
238 1832 286 1883 ego
304 1832 460 1866 summorum
471 1814 657 1884 imperatarum
672 1831 723 1865 aon
742 1811 816 1865 modo
831 1832 872 1864 res
885 1824 1043 1882 gestatura
1054 1828 1183 1887 antepono

107 1888 182 1948 meis,
199 1886 246 1935 secl
257 1903 289 1934 ne
295 1882 440 1954 fortunam
465 1888 568 1952 quidem
583 1885 690 1952 ipsam“
716 1884 819 1936 autsic
838 1884 961 1936 scribere
982 1886 1116 1951 debebat,
1134 1895 1184 1939 sus

106 1954 219 2021 „borum
242 1970 289 2023 ego
316 1971 473 2003 summorum
492 1956 679 2020 imperatorum
698 1971 749 2003 aon
775 1955 851 2002 morlo
873 1972 914 2004 res
932 1968 1040 2022 gestas,
1079 1959 1126 2006 sed
1150 1976 1182 2007 aa

97 2021 243 2092 fortunam
271 2024 375 2087 quidem
399 2023 486 2090 ipsam
512 2032 641 2089 antepono
674 2023 740 2071 meis
771 2023 857 2090 gestis
885 2031 964 2090 atque
995 2043 1067 2074 meae
1085 2024 1183 2092 sortu-

105 2095 186 2143 nae.“
225 2090 387 2143 Secundum
416 2089 541 2157 priorem
569 2089 707 2142 rationem
728 2108 778 2140 non
792 2092 867 2139 moda
881 2109 957 2140 -nan
985 2094 1106 2144 seribere
1128 2109 1183 2144 rre-

106 2176 185 2212 cessa
210 2166 286 2226 erat‚
317 2159 471 2210 seeundum
493 2160 611 2210 alteram
632 2178 683 2209 noa
702 2161 778 2209 morlo
798 2156 884 2210 scribi
901 2159 946 2210 lex
967 2169 1034 2213 erat.
1055 2161 1124 2216 ibid.
1145 2163 1181 2229 X,

106 2239 133 2290 8.
156 2240 202 2294 „et
224 2247 330 2297 regnum
348 2247 398 2279 noa
417 2231 492 2278 morlo
512 2231 633 2278 Romano
652 2229 762 2292 bomini,
779 2230 826 2277 secl
848 2247 880 2276 ne
894 2231 987 2292 Persae
1006 2233 1109 2299 quidem
1126 2232 1182 2282 eui·

106 2316 186 2367 paam
197 2296 360 2353 tolerabile.“
378 2312 466 2364 aeque
487 2296 605 2348 malain
620 2294 649 2348 b.
663 2295 682 2350 l.
695 2294 851 2364 corrigeret
863 2296 979 2366 aliquis:
1005 2317 1111 2368 regnum
1130 2319 1182 2350 nan

107 2365 184 2416 moilo
199 2383 251 2415 non
262 2368 381 2415 Romano
394 2363 502 2429 homini,
517 2367 563 2414 sed
578 2382 610 2414 ne
624 2367 721 2416 Persae
733 2367 836 2431 quidem
850 2369 972 2430 cuiquam
984 2367 1128 2434 tolerabile,
1148 2383 1183 2419 ac

106 2434 132 2487 si
148 2433 271 2485 diceret:
295 2451 402 2502 regnum
421 2451 472 2483 non
484 2435 559 2483 morlo
572 2435 693 2483 Romano
708 2432 808 2482 bamini
823 2431 968 2502 tolerabile,
981 2439 1028 2485 sed
1040 2456 1071 2486 ne
1086 2440 1184 2490 Persae

106 2505 212 2573 quidem
224 2505 346 2572 cuiquam
353 2501 505 2570 fereadum.
523 2519 589 2552 nam
606 2500 636 2551 in
651 2500 747 2570 priore
767 2501 893 2569 exemplo
912 2502 956 2554 bis
972 2506 1112 2572 posuisset
1134 2520 1183 2556 ne·

105 2571 269 2641 gationem,
304 2570 353 2622 uhi
376 2570 464 2622 semel
491 2587 554 2622 eam
580 2569 685 2622 addere
714 2579 757 2620 sat
772 2578 840 2621 erat.
859 2572 888 2620 in
909 2569 1033 2624 ssaundb
1055 2573 1182 2642 exemplu

106 2639 245 2694 omisisset¹
260 2638 450 2708 negationem,
469 2655 541 2707 quae
558 2637 739 2690 nullomodo
756 2639 848 2691 omitti
862 2649 980 2708 poterut.
998 2641 1063 2693 Scio
1076 2651 1183 2707 tamen,

104 2711 212 2764 multos
225 2725 284 2761 esse
294 2709 324 2760 iu
337 2708 459 2778 vulgatis
473 2708 533 2760 Cic.
549 2707 611 2764 edd.
630 2708 724 2774 locos,
749 2724 784 2759 ax
799 2708 899 2778 quibus
913 2708 980 2761 talis
1001 2711 1183 2780 comprobari

105 2787 235 2849 possent:
256 2795 321 2830 cum
342 2787 436 2830 autem
456 2777 501 2829 vel
522 2775 635 2828 codices
650 2776 694 2827 vel
717 2776 853 2828 editiones
870 2779 1073 2831 'vetustissimas
1094 2797 1182 2834 secu-

105 2847 356 2970 ratedcontuleris,
385 2847 417 2899 in
434 2847 636 2900 melioremne
656 2846 793 2899 seriorem
813 2846 968 2899 lectionem
990 2865 1100 2919 semper
1121 2848 1183 2902 iere

104 2934 164 2971 ruet
186 2934 224 2970 es.

143 2987 246 3036 artibus
265 2987 322 3035 suis
344 2984 522 3052 removerunt]
556 2981 656 3036 Lamb.
671 2982 706 3033 ab
720 2984 832 3040 artibus.
866 2983 921 3037 Sed
943 2985 1054 3044 confer.
1069 2984 1184 3039 Ruhnk·
1218 3042 1221 3047 ⁴

110 3054 148 3107 ad
159 3053 258 3108 Vellei.
274 3054 312 3118 11,
321 3053 364 3115 32,
373 3052 399 3108 5.
1176 3102 1178 3105 .

143 3134 191 3173 aut
204 3121 306 3192 Ialysi]
326 3121 436 3192 Hyattst
448 3121 518 3177 Van.
531 3121 556 3176 1·
574 3119 653 3174 Med·
661 3119 749 3174 08-
758 3131 804 3172 aut
819 3120 978 3177 tiliasivit.
987 3122 1074 3176 Jaliai
1087 3121 1184 3192 steph.

106 3193 179 3264 App.
197 3192 255 3244 LL.

142 3274 191 3313 aut
211 3263 279 3311 Coae
301 3256 425 3325 Wneris]
452 3269 500 3309 aut
511 3269 556 3309 tue
568 3257 676 3311 ameris.
694 3258 746 3315 Dr.
766 3260 829 3312 elsae
842 3261 923 3312 Mon.

144 3329 265 3398 Olympii
278 3326 498 3397 autDoeyplsuri]
517 3326 626 3398 olympii
634 3338 682 3379 aut
694 3329 780 3380 sortes·
791 3331 816 3382 ei
825 3340 919 3381 statua
929 3329 986 3383 Vit.
1007 3328 1112 3401 Olympi
1118 3329 1184 3383 Kal.

142 3401 228 3470 quisi]
249 3399 318 3466 quod
335 3397 418 3449 Mon·
1178 3404 1180 3411 ⁴

142 3466 311 3534 miraremur]
326 3468 449 3518 miremur
458 3464 531 3519 Kob.

176 3557 204 3608 6.
222 3556 250 3606 its
266 3552 413 3604 oratoribus
431 3549 508 3618 vero]
540 3549 568 3599 its
590 3550 754 3602 orationibus
774 3569 833 3603 aera
851 3552 903 3609 Dr.
927 3578 962 3594 -
986 3555 1015 3604 ie
1036 3552 1184 3605 oratoribus

107 3636 206 3676 autem.
225 3622 321 3675 Guelf.
336 3623 365 3674 2.
382 3638 443 3671 vero
461 3618 515 3673 del.
529 3615 621 3673 Goera
639 3619 685 3686 (de
701 3620 752 3675 fin.
772 3622 796 3688 Ι,
812 3624 858 3690 19)
877 3620 942 3678 Scb.
960 3621 1012 3680 Or.

146 3695 258 3745 Graecis
271 3691 395 3761 quidem]
421 3689 655 3755 quiddamMan.
845 3721 848 3725 ι

144 3760 269 3828 excellat]
278 3755 484 3811 excelleatcod.
493 3756 662 3826 Car.Lsugii
677 3756 1040 3829 sth.l.seinfra§.184.naa
1047 3756 1183 3828 puoslsola

110 3840 202 3882 omas
217 3832 261 3879 sed
273 3827 427 3880 excelleant.
464 3826 600 3879 Priscian.
614 3844 642 3896 p.
658 3829 710 3881 838
724 3837 752 3880 et
764 3826 816 3882 896
829 3829 890 3880 Put.
903 3844 938 3881 ex
955 3829 1043 3897 epist.¹
1059 3827 1181 3896 quadam

112 3896 250 3951 Cicer.ad
262 3898 304 3952 M.
328 3896 420 3948 filium
440 3894 552 3947 laudat:
585 3915 666 3964 quare
680 3892 753 3963 effice
770 3909 795 3948 et
814 3895 923 3949 elalara
942 3909 973 3948 ut
994 3896 1131 3951 excellens.
1149 3896 1182 3950 V.

111 3970 175 4022 Car.
190 3967 277 4033 Lang.
293 3965 323 4016 iu
339 3964 450 4017 Sehotti
467 3965 550 4017 Obss.
566 3983 594 4033 p.
608 3964 669 4018 442.
955 4005 957 4012 .

144 4035 306 4116 Aejamen]
327 4035 378 4086 Dr.
402 4033 498 4086 Guelf.
513 4037 541 4105 2.
567 4033 593 4091 3.
615 4035 695 4088 Mon.
711 4032 791 4087 Med.
808 4032 873 4087 sch.
892 4035 919 4089 2.
938 4033 1038 4088 012-
1053 4037 1182 4096 Attamen

110 4116 206 4162 ceteri.
883 4129 884 4134 =

143 4169 348 4239 Demosthenes]
364 4171 539 4223 Democrates
557 4170 613 4227 Vit.
627 4180 654 4223 et
668 4169 753 4224 sicin
768 4187 843 4225 omn.
859 4171 915 4224 loe.

146 4247 231 4314 quise
247 4237 334 4294 studio
348 4258 371 4301 e,
383 4241 430 4309 8.]
446 4242 492 4309 qui
503 4244 591 4294 studio
605 4239 638 4292 el.
656 4262 684 4292 se
700 4243 726 4298 el.
746 4241 880 4304 Guelf.2.
900 4239 965 4296 Sah.
1030 4286 1034 4300 ,
