2692 5018
336 273 405 339 AD
444 270 681 337 MARCUM*
709 270 944 339 BRUTUltl.
1138 278 1178 339 15

104 438 202 504 firmo
229 428 413 523 praeditos,
450 428 586 502 docere,
624 451 708 516 quae
731 428 774 494 sit
792 429 932 518 propria
958 431 1031 496 laus
1048 424 1179 496 Attico·

104 565 198 619 rum,
220 563 287 603 non
312 537 459 628 alienum
483 547 577 621 puto.

189 641 331 731 Semper
358 649 529 702 oratorum
552 636 761 722 eloquentiae
787 635 995 701 moderatrix
1025 633 1090 699 suit
1111 655 1179 697 au-
1199 653 1220 714 8

105 746 254 811 ditorum
278 740 470 829 prudentia.
522 741 649 804 Omnes
673 740 780 820 enim,
809 741 865 826 qui
890 741 1025 824 probari
1052 741 1180 821 volunt,

104 850 316 914 voluntatem
342 865 458 906 eorum
486 842 544 927 qui
571 840 713 907 audiunt
739 841 927 918 intuentur,
965 845 1006 906 ad
1038 867 1181 930 eamque

106 962 139 1015 et
159 949 200 1012 ad
228 968 347 1010 eorum
366 945 542 1009 arbitrium
565 956 599 1008 et
614 954 738 1007 nutum
755 956 842 1009 totos
866 968 901 1008 se
919 945 1050 1031 fingunt
1069 958 1102 1012 et
1122 970 1181 1011 ac-

107 1049 332 1117 commodant.
375 1047 608 1130 ltaqueCaria
641 1058 675 1109 et
700 1045 847 1134 Phrygia
876 1058 909 1112 et
932 1047 1056 1134 Mysia,
1091 1050 1178 1134 quod
1201 1037 1236 1093 2⁵
1290 1094 1292 1098 ι

107 1153 249 1219 minime
274 1150 416 1237 politae
440 1149 649 1232 minimeque
692 1150 856 1233 elegantes
888 1162 984 1228 sunt,
1036 1151 1182 1215 ascivere

110 1271 226 1346 aptum
239 1253 308 1318 suis
325 1251 459 1316 auribus
475 1252 627 1338 opimum
644 1251 812 1338 quoddam
836 1263 868 1316 et
888 1264 1046 1337 tanquam
1070 1253 1182 1339 adipa-

109 1373 164 1426 tae
190 1356 341 1422 dictionis
372 1377 493 1440 genus,
534 1356 619 1437 quod
657 1376 774 1418 eorum
807 1353 909 1418 vicini
947 1378 1015 1419 non
1043 1354 1090 1418 ita
1115 1355 1180 1419 laio

108 1461 284 1528 interiecto
311 1458 396 1549 mari
433 1457 554 1522 Rhodii
583 1477 756 1540 nunquam
782 1456 1030 1540 probaverunt,
1060 1458 1183 1524 Graeci

108 1567 216 1631 multo
238 1562 365 1634 minus,
388 1559 606 1626 Athenienses
628 1580 710 1621 vero
730 1555 882 1621 funditus
897 1559 1181 1644 repudiaverunt:

110 1678 254 1756 quorum
270 1682 401 1747 semper
418 1658 484 1724 fuit
506 1661 654 1745 prudens
671 1658 907 1744 sincerumque
927 1660 1105 1743 iudicium,
1125 1664 1182 1726 ni-

110 1773 158 1835 hil
179 1781 219 1832 ut
241 1774 378 1854 possent
406 1761 468 1826 nisi
489 1761 723 1848 incorruptum
755 1762 871 1826 audire
889 1774 923 1824 et
946 1764 1083 1848 elegans.
1123 1789 1183 1829 eo·

111 1895 188 1940 rum
202 1866 354 1954 religioni
369 1889 443 1929 cum
463 1865 602 1929 serviret
622 1875 751 1941 orator,
770 1865 902 1928 nullum
924 1865 1066 1930 verbnm
1087 1866 1183 1932 inso-

111 1979 193 2048 lens,
215 1973 344 2037 nullum
363 1968 512 2031 odiosum
528 1988 655 2052 ponere
672 1967 822 2031 audebat.
867 1969 980 2050 ltaque
997 1968 1063 2046 liic„
1080 1990 1182 2052 quem
1203 1959 1238 2016 25

112 2076 316 2166 praestitisse
337 2071 487 2136 diximus
510 2069 643 2149 ceteris,
665 2067 700 2132 in
722 2068 778 2134 illa
793 2093 856 2157 pro
872 2070 1090 2159 Ctesiphonte
1104 2093 1184 2135 ora-

113 2183 205 2246 tioue
229 2180 329 2262 longe
354 2173 480 2259 optima
500 2170 709 2236 summissius
731 2194 750 2234 a
775 2172 903 2258 primo,
936 2172 1071 2254 deinde,
1101 2174 1184 2239 dum

115 2287 156 2349 de
166 2282 296 2367 legibus
313 2277 477 2366 disputat,
500 2271 660 2361 pressius,
681 2283 757 2359 post
771 2275 892 2340 sensim
905 2275 1071 2358 incedens,
1090 2276 1184 2342 iudi·
1272 2326 1274 2331 .

115 2460 323 2482 Μ

184 2594 252 2660 Cap.
266 2591 290 2643 8·
325 2584 368 2642 24.
403 2580 565 2652 auditarum]
586 2585 717 2635 auditoris
730 2585 799 2639 Ven.
812 2586 838 2638 2.
856 2585 920 2638 Tul.

182 2663 226 2717 25,
262 2660 377 2708 ascivere
383 2655 482 2723 aptum]
500 2656 546 2708 Sic
557 2654 679 2723 gratiore
688 2672 756 2707 sono
769 2672 801 2706 ex
813 2658 829 2710 2
841 2656 902 2709 edd.
911 2654 1099 2708 NoniiVettet.
1108 2653 1184 2712 1496·

115 2743 143 2787 et
156 2731 245 2797 Paris.
261 2729 336 2782 1511.
375 2727 507 2778 Ceterum
526 2724 635 2776 Nonius
649 2728 675 2776 ν’.
695 2727 843 2792 adipatum:
860 2729 986 2778 Ascivere
1006 2727 1062 2776 auis
1079 2729 1184 2777 ortibus

115 2805 229 2874 opimum
244 2799 375 2868 quoddam
389 2809 414 2846 et
431 2806 555 2863 tanquam
569 2797 697 2862 adipatae
709 2797 833 2846 dictionis
842 2814 933 2865 genus.

146 2874 275 2940 opimum]
296 2869 422 2928 optimum
434 2865 485 2915 Dr.
500 2864 567 2913 Ven.
581 2867 605 2917 1.

151 2935 287 3007 adipatae]
300 2935 419 2987 Nonius.
434 2933 499 2982 Ven.
507 2935 531 2984 2.
542 2931 604 2984 Ald.
618 2922 690 2985 vict.
699 2933 776 2984 Man.
787 2934 869 2985 Grut.
884 2932 1049 3001 adipaIeDr.
1060 2933 1115 2990 Gu.
1126 2933 1149 2988 1.
1158 2934 1186 2988 2.

116 3010 187 3061 Veni
207 3011 232 3060 1.
257 3004 335 3056 Med.
351 3008 413 3056 Asc'.
433 3002 476 3052 Ju.
488 3002 534 3052 Cr.
553 2999 648 3066 Steph.
663 3001 726 3053 Sch.
744 3002 794 3053 Or.
814 3013 940 3066 tanquam
955 3005 1045 3070 opipar
1062 3005 1186 3053 dictionis

117 3079 175 3129 vit.
189 3079 327 3143 adipatum
343 3073 376 3124 L.
410 3070 534 3122 Multum
546 3070 621 3137 apud
636 3087 682 3122 me
696 3071 781 3122 Nonii
796 3072 871 3125 valet
884 3072 1083 3125 testimonium.
1103 3071 1186 3124 Vide-

118 3163 182 3199 mus
195 3154 302 3203 utitem,
329 3142 363 3193 ab
381 3138 535 3207 negligenti
554 3140 687 3204 librario,
706 3139 816 3191 literam
839 3155 923 3191 tnon
944 3151 1076 3193 accurate
1095 3140 1187 3209 expri-

117 3224 228 3277 mente,
246 3211 348 3264 vitium
363 3225 421 3260 esse
432 3221 533 3261 ortum.
550 3226 616 3260 nam
632 3213 756 3276 adipate,
775 3220 807 3260 ut
818 3209 847 3260 in
862 3210 959 3262 codice
972 3209 1114 3275 scribitur,
1128 3226 1187 3260 nou

117 3285 240 3338 multum
252 3282 347 3333 differt
360 3279 395 3330 ab
410 3277 524 3343 adipale.
562 3277 677 3328 Accedit
691 3279 765 3344 quod
780 3279 877 3330 varab.
892 3279 1000 3345 adipale
1014 3279 1093 3331 nulla
1111 3286 1187 3331 certe

117 3357 249 3408 firmatur
268 3348 450 3407 auctoritate,
482 3349 618 3411 adipatum
640 3348 674 3397 ab
698 3348 813 3415 optimis
834 3348 1025 3415 grammaticis
1047 3347 1187 3400 laudatur.

118 3425 180 3477 vit.
199 3419 318 3475 Forcell.
339 3420 403 3469 Lex.
437 3414 486 3466 Nil
499 3424 631 3467 mouetur
643 3432 658 3467 e
672 3417 733 3467 cod.
745 3418 826 3468 Mon.
846 3434 932 3488 quare
948 3433 1007 3468 non
1025 3425 1130 3469 temere
1142 3433 1188 3470 su·

118 3495 229 3565 spicer,
245 3492 286 3545 ibi
297 3487 356 3559 legi
373 3486 492 3553 adipate.

156 3567 254 3616 Graeci
267 3559 366 3626 multo]
392 3559 474 3609 Grut.
490 3556 558 3608 Ern.
573 3555 623 3607 Or.
643 3555 761 3605 Graecia
776 3555 856 3606 multo
870 3554 935 3608 sch.
946 3557 972 3610 2.
989 3554 1087 3607 Graeci
1099 3565 1188 3604 autem

119 3634 201 3684 multo
223 3631 277 3682 Vir.
299 3630 366 3680 Ven.
383 3630 406 3681 1·
421 3629 445 3681 2.
465 3626 542 3677 Med.
557 3625 620 3676 Tul.
634 3625 696 3681 Ald.
713 3624 760 3675 Cr.
777 3626 848 3676 Viet.
864 3625 895 3680 L.
915 3627 994 3677 Man.
1012 3625 1123 3676 Graecia
1135 3643 1188 3672 au-

119 3715 171 3752 tem
185 3700 266 3752 multo
285 3701 334 3752 Dr.
354 3697 408 3748 Gu.
424 3699 451 3750 2.
485 3695 540 3748 Sed
553 3694 683 3764 profecto
695 3693 874 3747 vehementer
892 3693 1008 3764 languet
1024 3693 1053 3746 ir.
1070 3696 1091 3748 l.
1114 3701 1186 3763 part.

122 3782 217 3821 autam.

157 3838 289 3903 audebat]
307 3835 429 3885 studebat
439 3831 562 3900 Koberg.
666 3884 668 3888 ,

189 3909 231 3960 26.
268 3904 447 3973 Ctesiphonte]
468 3899 695 3968 Ctheaisontevt't.

157 3975 319 4024 atcmraisaius
330 4003 364 4014 ·-
376 3973 510 4041 pressius]
531 3971 622 4022 intell.
645 3971 748 4022 loeutus
766 3981 814 4023 est.
826 3997 860 4008 —
872 3972 1022 4021 summiseris
1036 3994 1071 4008 *-
1082 3986 1187 4038 pressus

121 4048 190 4097 Em.
204 4042 269 4093 Scir.
286 4042 335 4094 Or.
351 4058 384 4094 ex
398 4041 470 4091 coni.
510 4092 514 4100 ,
564 4050 567 4055 “

155 4115 250 4162 reisaim
266 4112 398 4172 incedens]
415 4111 510 4159 saraim
523 4112 662 4166 incendens
674 4111 776 4160 iudices
790 4105 1186 4173 G11.2.M0n,0x0n.Gryptt.

123 4185 199 4240 1540.
218 4180 314 4237 Salui.
334 4180 383 4230 Or.
394 4209 429 4217 -
443 4181 580 4227 incendens
594 4176 753 4229 coniectura
768 4188 808 4228 est
819 4179 876 4228 eins
886 4178 932 4242 qni
946 4178 1038 4228 vicino
1048 4175 1186 4228 vocabulo

122 4257 242 4306 ardentes
255 4249 346 4302 simile
361 4247 495 4319 quiddam
520 4249 651 4317 adaptare
673 4248 817 4303 studebat.
847 4252 924 4303 Inest
944 4258 1038 4302 autem
1058 4243 1186 4316 gradatio
