2692 5018
164 268 216 349 74¹
269 312 271 317 ·
596 271 815 340 ORATOR

166 431 315 499 dicatur:
336 426 399 495 nisi
420 434 503 493 cum'
521 424 564 491 de
583 447 665 493 vero
686 426 888 513 ambigitur,
910 424 1003 512 quod
1025 426 1162 513 quaeri
1183 440 1247 493 'rou

103 530 299 601 turicorum
342 530 438 597 solet.
508 527 650 595 Dicetur
683 538 796 594 sutem
833 551 904 595 nou
937 526 1244 615 Peripateticorum

164 642 263 702 ruore
285 633 350 719 (est
369 633 458 698 enim
480 630 618 697 iliorum
638 628 831 696 exercitatio
846 621 987 720 elegans
1008 631 1087 696 ium
1112 629 1245 699 induti

162 732 343 802 Aristotele
363 732 558 810 constituta)
581 733 640 799 sed
661 730 834 820 aliquanto
854 731 1055 810 nervosius,
1070 772 1073 777 ·
1088 743 1126 797 et
1147 731 1244 799 itsds

162 859 201 905 re
222 835 414 901 communia
436 835 610 915 dicentur,
631 845 671 910 ut
690 847 725 902 et
744 858 808 924 pro
829 837 896 905 reis
917 836 1027 903 mults
1050 834 1183 900 leniter
1201 834 1242 902 di·

164 949 283 1005 cuntur
311 937 406 1004 etin
432 935 639 1003 adversarios
670 957 802 1026 aspere.
842 937 1013 1027 Augendis
1041 958 1134 1003 vcro
1157 922 1241 1003 rebus

163 1053 199 1107 et
219 1050 334 1105 contra
354 1037 549 1107 subiiciendis
578 1036 748 1121 nihii'est,
777 1041 867 1127 quod
888 1044 957 1108 nou
977 1038 1160 1126 perficere
1181 1062 1239 1128 pss-

162 1143 207 1207 sit
227 1141 353 1208 orstioz
383 1143 472 1228 quod
502 1151 536 1205 et
561 1139 650 1206 iuter
677 1141 789 1209 medis
817 1153 1022 1229 argumenta
1052 1139 1236 1207 faciendus

164 1255 231 1324 est,
261 1245 536 1330 quotiescumque
567 1241 703 1309 dubitur
722 1245 775 1310 vel
796 1242 1028 1335 amplificandi
1050 1243 1117 1311 vel
1139 1243 1237 1313 miuu-

163 1345 242 1412 endi
263 1347 370 1427 locus,
394 1356 426 1410 et
446 1366 555 1435 paene
575 1343 707 1409 infinite
728 1346 766 1411 iu
786 1348 989 1430 perorando.

100 1459 142 1525 37
247 1449 325 1512 Duo
351 1458 430 1512 sunt
458 1447 577 1528 etiam,
621 1468 707 1532 quae
739 1447 824 1516 bens
852 1459 992 1516 tractate
1027 1446 1075 1513 ub
1118 1460 1235 1515 oraton

103 1559 153 1617 128
167 1547 397 1613 admirabilem
422 1547 648 1633 eloquentium
670 1547 809 1614 faciant:
838 1572 985 1638 quorum
1007 1550 1171 1615 alterum
1194 1561 1233 1631 est,

164 1650 254 1736 quod
278 1648 398 1714 Graeci
427 1645 548 1735 ἠθικὸν
567 1660 704 1730 vocant,
734 1652 777 1715 ad
799 1664 935 1718 naturus
956 1662 988 1717 et
1011 1653 1057 1718 ud
1083 1662 1232 1719 morcst

62 1772 66 1779 ·
139 1782 141 1787 ·
163 1751 206 1818 ad
234 1773 370 1816 omnem
398 1751 489 1815 vitae
516 1754 792 1819 consuetudinem
813 1752 1138 1835 accommodatum
1170 1757 1230 1820 ulte·

162 1874 262 1933 rum,
283 1852 371 1939 quod
392 1851 493 1919 iidem
514 1852 700 1940 παθητικόν
721 1856 911 1937 nominant,
939 1878 1010 1944 quo
1034 1858 1230 1945 perturbes

163 1969 221 2022 tur
250 1954 354 2020 animi
383 1968 418 2021 et
442 1955 676 2035 concitentur,
710 1956 746 2022 in
774 1979 841 2044 quo
871 1980 940 2023 uno
965 1969 1100 2045 regnat
1134 1957 1229 2027 oratis

162 2057 249 2124 tttud
271 2055 427 2147 superius
455 2079 551 2124 come
577 2057 765 2125 iucundum
794 2058 838 2125 sd
865 2058 1148 2129 benivolentiam
1173 2082 1228 2130 osu

197 2385 360 2454 ambigitur]
378 2383 425 2438 Sic
437 2383 493 2438 vit
505 2385 570 2440 vet.
580 2385 652 2443 Vett.
668 2390 693 2443 1.
709 2386 788 2442 Med.
799 2386 864 2442 Tul.
878 2386 961 2441 Aldd·
973 2387 1076 2445 Gt'.-
1095 2392 1227 2463 ambiget!

162 2453 215 2508 Dr.
231 2453 327 2524 steph.
342 2455 374 2506 L.
393 2455 476 2507 Grut.
493 2454 561 2509 Em.
577 2455 628 2511 Or.
642 2483 675 2496 -
693 2458 847 2527 ambigatur
859 2456 916 2510 Gu.
928 2457 955 2513 8.

197 2525 229 2574 ds
241 2524 316 2592 vero]
336 2526 368 2574 de
380 2520 453 2574 serbo
467 2524 521 2575 Vit.
536 2524 591 2578 Sed
605 2523 692 2577 cited
706 2526 951 2597 Herenu.1,lt·-
966 2528 1227 2586 coniecturalis

163 2605 220 2659 est,
239 2611 297 2644 eum
318 2596 356 2643 de
365 2592 476 2662 forto
494 2595 670 2644 controversia
686 2605 726 2645 ess
741 2603 796 2648 etc.
827 2608 830 2615 ’

233 2663 291 2722 127.
325 2663 428 2712 dicetur
447 2666 555 2728 autern]
569 2664 657 2715 dicere
671 2674 760 2716 autem
772 2664 832 2717 vet.

197 2729 319 2797 illorum]
340 2747 428 2780 eorum
447 2731 507 2782 vet.
607 2750 610 2755 ·

197 2818 243 2865 pru
257 2799 328 2866 reis]
344 2816 392 2866 pro
429 2799 464 2848 it's
480 2799 543 2851 Vei·

197 2869 244 2918 sed
258 2817 479 2935 aliquantossed
492 2866 607 2935 amplius
626 2865 765 2938 aliquanto
782 2869 864 2923 Mon.

197 2937 226 2987 in
238 2937 419 3003 aduersarios]
437 2939 560 3018 adversos
574 2934 634 2994 Vit.
647 2937 717 2990 ch·
736 2940 761 2991 1.
774 2940 799 2992 2·
814 2936 892 2992 Μθᾶ.
905 2938 971 2994 Tul.
983 2940 1079 3001 Mon.

197 3004 907 3140 :ggqqdqqqszqiqqqdqeqiqgqqeqqqtqnhm·
925 3077 958 3132 Ι..
974 3078 1012 3134 tt.
1031 3097 1059 3135 s.
1076 3100 1109 3141 v.

195 3141 334 3212 perficere}
351 3141 478 3210 proficere
498 3144 568 3197 Ven.
582 3146 608 3200 2.
621 3143 686 3198 Tul.
861 3174 863 3178 >

197 3215 266 3282 quod
279 3217 320 3273 et]
339 3227 395 3264 om.
416 3222 441 3263 et
454 3214 515 3267 vet.

196 3279 422 3350 quotiescumque]
442 3285 660 3351 quotienscunque
675 3280 733 3341 vit.

232 3352 302 3417 Cup·
317 3356 361 3418 87.
398 3351 457 3406 128.
493 3353 554 3403 Duo
569 3363 629 3403 sunt
642 3352 743 3416 etiam]
761 3351 808 3405 Sic
821 3353 903 3408 Aldd.
919 3355 966 3408 Cr.
979 3353 1092 3426 steph.
1107 3362 1144 3415 L.
1158 3364 1228 3417 Or.-

163 3438 219 3474 om.
237 3421 317 3471 etiarn
332 3417 388 3470 vit.
402 3419 453 3475 Dr.
467 3419 536 3472 ven.
553 3424 577 3477 1·
599 3421 678 3473 Mun.
697 3422 779 3475 Grut.
798 3423 867 3475 Ern.
881 3451 915 3464 -
928 3425 1000 3476 duae
1019 3446 1070 3480 ree
1092 3444 1160 3485 sunt
1180 3433 1228 3485 ω’·

196 3491 257 3542 Vct.
273 3489 313 3542 st.
328 3489 384 3541 Gu.
398 3488 424 3543 8.
434 3491 528 3541 —duo
542 3501 654 3543 restant.
668 3488 734 3545 sch.

196 3556 331 3626 tractata]
351 3573 406 3612 om.
426 3559 508 3611 Mon.

186 3627 318 3695 sociant]
330 3625 446 3694 sariunt
460 3625 556 3696 steph.
570 3629 603 3680 L.
616 3624 653 3679 of.
668 3627 695 3696 §.
711 3626 770 3680 185.
791 3627 902 3681 Omnino
923 3631 974 3683 duo
993 3646 1063 3684 surse
1088 3658 1165 3706 quae
1183 3658 1227 3691 m·
1255 3624 1262 3641 ⁸

160 3700 237 3749 diarst
255 3699 407 3752 orationem.
425 3696 522 3765 §.163-
542 3697 620 3747 Duae
635 3707 697 3746 sunt
709 3699 794 3762 igitur
809 3717 860 3763 res,
874 3717 940 3767 quae
949 3703 1153 3768 permulceant
1163 3722 1227 3763 m

194 3782 302 3832 quorum
313 3769 396 3830 uest]
415 3782 472 3820 om.
489 3782 597 3836 quorum
612 3765 693 3817 Mon.
707 3793 742 3804 -
759 3782 815 3820 ons.
829 3779 868 3817 est
882 3769 944 3823 Vct.

196 3830 314 3904 ἠθικὸν]
333 3842 407 3904 greci
421 3835 525 3886 dettson
540 3832 597 3884 vit.
607 3863 641 3873 —
650 3840 770 3885 atthicon
793 3837 858 3888 Ven.
873 3839 897 3889 1.
908 3840 935 3891 2.

194 3903 325 3969 naturus]
343 3915 465 3955 naturum
477 3903 565 3958 Gu.8.
580 3904 647 3955 Veu.
663 3905 722 3958 1.2.
739 3903 816 3956 Med.
830 3905 894 3958 Tnt.
912 3907 943 3958 L.
955 3904 1022 3960 Sch.

194 3975 436 4024 accommodatum:
454 3972 581 4040 alterurn]
601 3990 725 4023 ueecrnrn.
744 3985 783 4025 est
798 3971 909 4025 alterurn
924 3975 984 4030 vet.
1008 4008 1012 4013 -

193 4038 369 4110 παθητικὸν]
382 4041 538 4109 pathetiron
557 4042 624 4094 Veu·
641 4045 665 4096 1.
680 4043 705 4096 2.

195 4115 223 4164 r'n
240 4109 305 4179 quo]
327 4112 356 4160 t'd
370 4127 418 4177 quo
433 4110 501 4164 νου.
519 4113 543 4167 1.
557 4112 583 4165 2.
595 4109 660 4163 Tttl.

195 4181 313 4250 superius
330 4196 400 4229 come
414 4178 449 4247 r'.]
468 4181 587 4246 euprrius
608 4197 664 4230 cum
678 4180 704 4228 εἰ
719 4182 855 4231 dicendum
871 4182 932 4237 Vet.

194 4255 229 4305 od
244 4246 460 4317 benevolentiam]
482 4250 556 4302 etad
568 4249 592 4300 b.
609 4249 678 4301 Vett.
696 4252 721 4302 1.
779 4304 782 4311 ,
