2692 5018
160 261 204 326 44
592 250 816 320 ORATOR

159 411 363 500 plusquam
386 407 544 496 opinione
568 405 737 472 differens.
780 406 896 494 Itaque
917 432 998 476 enm
1015 404 1082 497 qui
1105 409 1246 495 audiunt,

160 511 314 598 quamvis
335 511 401 595 ipsi
423 508 565 574 infantes
592 509 675 589 sint,
710 520 828 575 tamen
848 510 907 576 illo
936 512 1047 578 modo
1079 511 1244 579 conlidua

160 635 315 700 esposse
337 612 458 678 dicere.
500 613 586 680 Nam
609 612 772 678 orationis
793 615 959 680 subtilitas
980 614 1174 681 imitabilis
1194 618 1243 701 qui

161 716 239 781 dem
261 716 319 780 illa
341 714 475 780 videtur
504 736 572 779 esse
601 714 826 790 existimanti,
863 715 920 781 sed
942 714 1032 780 nibil
1066 728 1128 781 est
1158 738 1242 805 expe

160 817 261 884 rienti
283 818 405 885 minus.
448 816 520 882 Etsi
542 815 632 882 enim
655 840 725 882 non
747 817 886 904 plurimi
907 818 1088 903 sanguinis
1115 832 1182 901 est,
1201 820 1241 885 be

161 919 238 985 beat
265 933 376 984 tamen
400 938 538 983 succum
564 920 710 1005 aliquem
732 931 883 1007 oportet,
914 932 970 1000 ut,
1003 921 1121 986 etiam
1146 921 1177 986 si
1197 920 1239 987 itt

160 1023 318 1088 maximis
334 1021 461 1087 viribus
481 1034 607 1103 careat,
629 1023 670 1087 sit
695 1027 747 1104 (ut
762 1024 807 1087 ita
821 1021 946 1103 dicam)
960 1022 1109 1108 integra
1135 1023 1239 1087 valete-

105 1139 140 1195 77
162 1128 251 1191 dine.
295 1126 450 1192 Primum
470 1125 575 1210 igitur
598 1147 677 1190 eum
697 1136 858 1211 tanquam
879 1147 898 1188 e
922 1124 1072 1190 vinculis
1090 1148 1238 1191 numero·

159 1250 238 1293 rum
263 1227 463 1292 eximamus.
515 1226 604 1292 Sunt
623 1226 713 1292 enim
742 1226 895 1312 quidam,
935 1236 975 1290 ut
999 1228 1097 1307 scis,
1133 1230 1237 1294 oratori

158 1330 294 1396 numeri
316 1328 509 1412 (dequibus
525 1353 606 1394 mox
623 1332 773 1418 agemus)
793 1328 996 1395 observandi
1011 1329 1166 1395 ratione
1182 1352 1236 1417 que

158 1434 254 1511 dam,
277 1431 335 1496 sed
358 1431 423 1494 alio
444 1430 479 1494 in
510 1453 634 1516 genere
656 1431 833 1515 orationis,
871 1433 908 1497 in
931 1432 996 1496 boc
1020 1433 1178 1498 omnino
1201 1454 1236 1497 na·

156 1532 343 1621 llnquendi.
386 1531 539 1597 Solutum
555 1534 764 1618 quiddamsit
778 1558 838 1601 nec
852 1556 975 1620 vagum
987 1544 1129 1609 tamen,
1154 1532 1236 1599 utin·

156 1638 251 1722 gredi
271 1635 395 1712 libere,
436 1656 505 1698 non
535 1648 573 1700 ut
601 1636 741 1700 licenter
770 1636 929 1702 videatur
951 1658 1088 1701 errare.
1146 1636 1235 1703 Verba

158 1740 259 1803 etiam
285 1734 397 1802 verbis
424 1736 517 1822 quasi
544 1750 776 1824 coagmentare
808 1736 962 1823 negligat.
1019 1738 1148 1805 Habet
1168 1738 1233 1803 enin

156 1840 214 1907 ille
236 1852 396 1925 tanquam
420 1839 531 1903 hiatus
559 1863 727 1907 concursu
753 1839 923 1905 vocalium
944 1840 1051 1905 molle
1087 1840 1233 1926 quiddm

157 1955 190 2008 et
205 1943 296 2029 quod
315 1940 439 2006 indicet
464 1965 531 2006 non
555 1942 718 2027 ingratam
744 1944 913 2027 quandam
938 1941 1232 2028 negligentiamdt

99 2059 135 2114 ts
155 2066 193 2110 re
222 2044 368 2110 hominis
393 2044 498 2126 magis
521 2045 681 2128 quamde
699 2043 812 2108 verbis
832 2040 1026 2108 laborantis.
1100 2045 1170 2110 Sed
1190 2043 1253 2110 esit'

155 2146 342 2212 videndum
360 2145 401 2209 de
415 2146 572 2231 reliquis,
603 2169 679 2210 cum
703 2145 785 2210 haec
801 2144 868 2209 duo
884 2144 915 2207 ei
926 2143 1100 2212 liberiora
1116 2146 1231 2219 fuerint

156 2247 314 2312 circuitus
329 2249 633 2333 conglutinatioque
648 2247 843 2312 verborum.
889 2247 947 2312 Illa
962 2245 1059 2310 enirn
1081 2248 1165 2335 ipsa
1177 2268 1232 2313 cou-

155 2360 262 2415 tracta
287 2359 322 2414 et
353 2350 485 2415 minuta
516 2373 582 2415 non
617 2348 824 2435 negligenter
856 2348 1028 2414 tractanda
1056 2363 1165 2430 sunt,
1195 2348 1231 2415 ul

127 2447 130 2454 ’
155 2453 320 2539 quaedam
343 2453 443 2518 etiam
464 2453 662 2540 negligentia
683 2463 733 2515 est
751 2449 903 2533 diligens.
946 2450 1035 2516 Nam
1063 2464 1111 2518 ut
1127 2452 1230 2521 mulie·

153 2576 208 2621 res
227 2576 297 2619 esse
313 2553 471 2629 dicuntur
486 2556 668 2629 nonnullae
682 2555 873 2637 inornatae,
895 2574 978 2646 quas
992 2551 1027 2619 id
1048 2552 1178 2649 ipsum
1191 2556 1230 2621 de·

156 2750 366 2771 m

187 2893 328 2945 imitabilis
344 2896 447 2963 quidem
466 2896 535 2960 itta]
561 2898 631 2954 Van.
648 2900 672 2955 1.
691 2898 769 2951 Med.
782 2899 826 2956 Ju.
840 2894 922 2951 Atdd.
941 2897 988 2951 Gr.
1002 2896 1037 2952 L.
1053 2922 1093 2941 ··-
1107 2901 1184 2958 imis.
1195 2896 1231 2953 td·

152 2966 257 3034 quidem
271 2963 325 3016 Vit.
341 2966 393 3018 Dr.
406 2983 439 3016 ac
454 2975 572 3022 recentt.
589 2968 653 3023 edd.
672 2968 709 3022 cf.
722 2965 800 3037 §.aa

184 3033 314 3083 estnihil
326 3036 386 3101 est]
404 3037 449 3085 sed
463 3036 532 3088 nihil
544 3050 610 3088 esset
624 3040 676 3091 Dr.

183 3106 296 3173 primum
312 3105 396 3170 igitar
408 3104 481 3173 eum]
500 3126 528 3172 p.
543 3109 580 3176 ig.
592 3125 650 3156 eam
663 3123 704 3161 ee.
720 3104 909 3159 subtilitatem
924 3113 985 3161 not.
1000 3104 1035 3159 1⁴.

218 3173 262 3229 77.
299 3172 456 3236 avinculis]
476 3191 531 3234 om,
545 3197 559 3226 e
578 3176 633 3227 Vit.

184 3252 245 3292 sunt
259 3243 327 3291 enim
344 3244 473 3311 quidam]
493 3247 597 3312 quidem
614 3246 648 3299 L.

184 3312 286 3363 oratori
300 3311 417 3378 numeri]
435 3315 549 3364 oratorii
562 3317 614 3367 Dr.
631 3315 713 3366 Mon.
728 3315 772 3368 Jtt.
787 3312 835 3367 Cr.
851 3312 962 3384 Grypb.
1001 3313 1049 3372 λ.
1069 3315 1162 3372 Man.
1177 3317 1209 3370 L.

182 3380 297 3431 totamm
312 3381 458 3447 quiddam]
477 3380 559 3432 solum
576 3386 702 3452 quiddam
714 3384 767 3435 Dr.

182 3467 311 3502 cumcurm
326 3448 471 3513 vocalium]
490 3452 515 3502 J,
529 3452 629 3504 Victor
640 3470 668 3519 p.
677 3454 720 3509 99,
728 3482 763 3492 -
772 3452 871 3519 „ltabei
888 3453 979 3502 biaiun
994 3449 1042 3502 ille
1052 3465 1082 3504 et
1093 3472 1230 3507 coneum

145 3517 299 3570 vocalium“
315 3526 368 3569 etc.
385 3545 417 3556 -
426 3518 472 3568 itte
485 3531 505 3570 t.
522 3520 614 3571 hiatus
628 3533 653 3571 et
669 3540 808 3572 concursus
823 3521 955 3573 vocalium
964 3520 1087 3591 Qulnct·
1098 3525 1157 3595 IX,
1164 3524 1192 3593 4,
1198 3524 1229 3580 bl.

145 3588 190 3641 De
203 3602 233 3637 ra
248 3603 274 3637 v.
288 3584 419 3638 Schneid.
433 3588 464 3638 L.
481 3588 516 3643 G.
528 3590 562 3642 T.
576 3589 600 3644 1.
619 3606 646 3658 p.
657 3591 715 3643 165.
732 3608 794 3660 sqq.

146 3728 165 3778 a
181 3658 381 3776 nauciqgratam
395 3659 528 3729 quandam
545 3662 591 3725 ru]
615 3659 662 3713 sic
675 3659 729 3715 Jul.
742 3661 816 3714 vict.
830 3659 851 3715 l.
869 3659 889 3712 l.
907 3660 1005 3730 p.107.
1017 3687 1057 3700 -
1071 3677 1139 3718 om.
1153 3682 1229 3735 quae

166 3744 208 3776 arn
249 3740 327 3776 ΗΠ.

181 3797 252 3853 dare
265 3793 331 3844 bom.
346 3797 449 3866 magis]
469 3797 557 3861 magis
574 3798 646 3849 dere
658 3796 772 3849 bominis
785 3816 864 3867 quam
879 3799 911 3848 de
924 3798 1008 3849 verbis
1023 3794 1045 3850 l.
1060 3798 1087 3856 J.
1099 3799 1185 3857 vica
1192 3799 1230 3857 bl.

100 3864 103 3869 '
145 3888 180 3907 ι-
194 3861 395 3932 negligentiam
409 3864 533 3917 hominis
548 3864 583 3918 de
598 3867 738 3938 remegio.
755 3882 813 3935 mg.
831 3865 964 3921 Gothotr.

214 3933 257 3986 78.
292 3950 359 3999 quas
373 3936 402 3985 id
413 3934 515 4003 ipsura]
535 3938 613 4004 quasi
627 3939 657 3987 ia
669 3939 689 3987 i.
711 3935 800 3987 Codd.
813 3953 858 4004 ap.
875 3936 960 3989 Grut.
974 3936 1063 3990 Mon.
1078 3936 1161 3996 Ἴθι.
1176 3940 1231 3997 M

146 4000 222 4053 Med.
238 4001 301 4054 Tul.
318 4000 409 4054 Sobir.
430 4032 458 4042 -
517 4007 561 4054 oei
574 4007 611 4056 ad
623 4008 708 4074 ipsum
722 4007 774 4058 Dr.
794 4005 909 4073 Quinct.
928 4005 1007 4070 vm,
1022 4004 1054 4070 3,
1069 4008 1119 4062 87.
1146 4013 1232 4077 „Nes

145 4074 205 4137 ipsa
217 4070 267 4122 itta
281 4064 398 4139 ἀφέλεια
412 4023 525 4139 sirrcpzbc
539 4085 565 4124 et
579 4072 743 4141 inaffectata
757 4075 836 4124 tabee
853 4077 980 4142 quendam
1012 4092 1115 4145 aruns,
1147 4078 1232 4149 qualis

144 4144 226 4193 etiam
243 4138 390 4207 infeminr's
408 4153 527 4203 amatur,
550 4157 681 4208 ernestum,
700 4155 725 4192 et
743 4155 801 4192 arent
819 4146 947 4211 quaedam
960 4094 1030 4195 uelut
1045 4162 1062 4197 e
1076 4154 1162 4201 imni
1176 4148 1232 4202 elib²

141 4210 236 4278 geratis
248 4211 323 4260 eirea
334 4214 524 4279 proprietatem
535 4215 608 4282 signi
618 4215 807 4283 acutioremque
822 4210 997 4264 munditiae·“
