2692 5018
346 280 411 347 st>
449 274 673 349 MARCUM
707 276 943 349 BRUTUM.
1119 288 1182 354 116

102 434 205 502 tionis
225 426 380 501 alterum.
424 435 555 500 Horum
584 443 728 521 uterque
748 435 927 501 Isocratem
948 442 1055 502 aetate
1074 444 1247 525 prae-176

102 537 229 618 currit,
260 548 297 603 ut
325 558 380 603 eos
408 536 465 601 ills
493 536 728 602 moderatione
748 558 817 602 non
839 538 1035 604 inventione
1054 539 1182 605 vicerit.

102 641 166 708 Est
188 637 279 703 enim
301 651 341 704 ut
361 639 396 706 in
418 638 660 705 transferendis
688 638 916 729 faciendisque
947 639 1058 707 verbis
1086 651 1184 706 tran·

103 739 245 829 quillior
272 739 318 804 sic
346 740 383 806 in
411 739 490 828 ipsis
517 742 667 807 numeris
695 742 846 810 sedatior.
898 742 1041 829 Gorgias
1069 754 1183 811 autem

102 841 241 909 avidior
268 847 317 906 est
342 843 470 929 generis
498 843 587 926 eius,
618 855 651 909 et
672 844 724 910 his
752 844 985 911 festivitatibus
1006 843 1070 927 (sic
1091 845 1183 910 enim

101 947 178 1036 ipsc
203 945 328 1024 censet)
357 938 555 1011 insolentius
583 946 744 1011 abutitur:
774 970 856 1033 quas
883 950 1057 1029 Isocrates,
1091 957 1183 1020 (cum

102 1063 222 1116 tamen
264 1045 409 1111 audisset
451 1047 487 1111 in
527 1048 699 1114 Thessalia
731 1048 921 1114 adolescens
956 1070 1070 1114 senem
1113 1049 1181 1114 iam

104 1149 282 1236 Gorgiam)
314 1149 520 1215 moderatius
548 1151 756 1238 temperavit.
800 1150 894 1239 Quin
921 1153 1023 1214 etiam
1055 1148 1184 1236 seipse

104 1261 258 1328 tantum,
280 1263 442 1334 quantum
466 1263 572 1316 aetate
593 1252 818 1338 procedebat,
842 1259 961 1339 (prope
985 1251 1076 1316 enim
1098 1271 1184 1316 cen-

106 1366 182 1419 tum
205 1353 348 1418 coniecit
375 1357 496 1434 annos)
523 1356 692 1419 relaxarat
720 1377 740 1419 a
766 1353 873 1418 nimia
900 1355 1094 1419 necessitate
1115 1374 1184 1418 nu·

109 1474 277 1522 merorum
290 1481 300 1536 ;
330 1457 419 1541 quod
444 1456 591 1522 declarat
611 1458 647 1521 in
668 1480 707 1521 eo
729 1454 835 1534 libro,
866 1477 966 1541 quem
989 1456 1030 1521 ad
1052 1455 1185 1541 Philip-

106 1578 189 1647 pum
218 1559 437 1624 Macedonem
470 1559 620 1645 scripsit,
659 1580 738 1624 cum
772 1556 841 1622 iam
879 1556 1064 1624 admodum
1099 1564 1184 1622 esset

105 1682 226 1727 senex:
269 1661 307 1725 in
334 1680 403 1745 quc
431 1659 511 1724 dicit
536 1681 605 1724 sese
637 1660 751 1725 minus
777 1659 846 1724 ianr
874 1660 1001 1725 servire
1032 1659 1184 1726 numeris

104 1784 213 1849 quam
235 1761 350 1827 solitus
372 1773 466 1825 esset.
509 1761 641 1826 Itanon
656 1761 758 1827 modo
776 1760 988 1848 superiores,
1009 1761 1184 1827 sedetiam

106 1886 143 1931 se
164 1866 240 1953 ipse
261 1874 462 1928 correxerat.
691 1864 695 1871 '

195 1966 365 2055 Quoniam
387 1965 492 2049 igitur
512 1965 675 2031 habemus
698 1974 797 2053 aptae
820 1962 981 2030 orationis
1004 1984 1060 2027 eos
1084 1959 1181 2050 prin·
1202 1979 1247 2045 53

107 2069 200 2157 cipes
224 2079 445 2154 auctoresque
468 2090 551 2154 quos
574 2069 735 2148 diximus,
766 2078 799 2132 et
830 2067 926 2153 origo
954 2065 1093 2132 inventa
1112 2073 1180 2129 ests
1195 2083 1247 2138 177

107 2193 207 2238 causa
237 2181 426 2255 quaeratur.
478 2170 579 2258 Quae
602 2173 649 2238 sic
671 2183 787 2258 aperta
807 2182 872 2242 est,
901 2179 939 2234 ut
961 2166 1067 2234 mirer
1086 2175 1182 2230 vete-

107 2296 163 2341 res
183 2294 254 2339 non
274 2264 352 2337 esse
376 2286 580 2349 commotos,
608 2274 807 2362 praesertim
836 2292 934 2351 cum,
963 2281 1003 2334 ut
1022 2267 1078 2354 fit,
1104 2265 1182 2346 for·-¹

122 2470 310 2490 m

182 2616 243 2675 176.
277 2614 369 2665 donem
382 2616 503 2685 uterque]
521 2635 608 2668 eorum
620 2615 687 2671 Rus.

142 2685 307 2753 praecurrit]
325 2688 454 2750 perersrrit
468 2687 520 2737 Dr.

143 2765 176 2806 ut
188 2774 232 2808 eos
246 2753 310 2818 itte]
330 2770 386 2806 om.
403 2773 446 2803 eos
460 2755 515 2807 vit.
534 2782 566 2793 -
580 2753 627 2806 tlte
639 2774 682 2805 ecs
695 2751 762 2806 Ruf.
776 2780 811 2793 -·
826 2770 870 2803 eos
883 2750 1016 2805 illosTul.

113 2823 176 2943 vin
195 2818 595 2945 irafflegdiijimdiwm
613 2826 717 2890 verbis]
746 2839 802 2875 om.
813 2821 1005 2892 faciendisque
1023 2816 1108 2871 verbis
1123 2816 1181 2876 Vlt.

140 2907 185 2944 en.
216 2929 224 2944 .
309 2907 323 2942 e
346 2929 352 2942 .
397 2907 435 2944 u.

150 2959 268 3026 avidior]
287 2962 393 3010 auditor
404 2959 472 3011 Ven.
486 2960 512 3014 2.

148 3030 253 3099 generis
266 3028 338 3097 eius]
359 3031 415 3077 eius
427 3030 532 3098 generis
545 3028 614 3081 Ven.
630 3031 655 3083 1.
668 3029 695 3083 2.
713 3025 790 3080 Med.
804 3025 869 3079 Tul.

152 3109 180 3148 et
195 3093 253 3164 irie]
271 3109 295 3147 et
308 3100 344 3147 iis
357 3096 423 3152 Ruf.

60 3222 63 3227 ,
150 3167 288 3228 audisset]
306 3165 363 3218 vit.
375 3194 410 3204 —
426 3164 572 3216 audivisset
587 3163 690 3218 Ceteri.
711 3193 745 3204 -
763 3165 882 3214 audisset
895 3162 1046 3213 adolescens
1062 3161 1183 3212 etiamin

120 3233 264 3289 Thessalia
277 3254 362 3284 sertem
377 3237 431 3285 iam
448 3236 480 3287 G.
495 3235 562 3288 Ruf.
574 3264 610 3276 -
624 3248 679 3284 tum
694 3253 750 3284 curn
763 3235 907 3283 audivisset
919 3236 981 3286 Vet.

145 3304 308 3424 ωοεΙΓιτῗίίιιι
332 3307 504 3372 temperavit]
544 3306 705 3355 moderatius
733 3305 814 3354 etiam
838 3314 915 3368 temp.
945 3299 1002 3356 vit.
1031 3298 1083 3354 Dr.
1111 3294 1181 3352 Ven.

112 3377 138 3432 1.
152 3377 179 3429 2.
223 3390 261 3427 u.

147 3440 262 3510 seipse]
281 3459 309 3492 se
323 3441 409 3510 ipsum
423 3439 486 3494 soh.

146 3508 290 3582 quantum]
311 3526 367 3567 om.
383 3514 445 3567 Vet.

147 3578 319 3652 procedebat]
336 3580 511 3649 praecedebat
532 3576 611 3634 Med.
624 3578 692 3634 Ven.
708 3578 733 3631 2.
745 3577 810 3633 Tul.

148 3670 167 3702 a
184 3648 286 3714 nimia]
302 3653 394 3698 anima
409 3648 465 3702 vtt.

146 3721 176 3772 irs
191 3735 242 3787 quo
255 3717 339 3785 dicit]
359 3711 522 3786 efficereris·
546 3715 656 3771 ditare.
668 3733 697 3786 p.
710 3716 754 3772 96.
767 3711 854 3766 Bekis
868 3709 974 3766 Victor.
987 3711 1020 3763 V.
1039 3709 1071 3768 L.
1083 3706 1120 3779 II,
1141 3711 1182 3766 17.

146 3789 233 3857 minus
247 3789 322 3850 iam]
340 3789 395 3836 iam
408 3791 493 3838 minus
511 3785 594 3840 Aldd.
613 3788 660 3840 Cr.
677 3788 757 3838 Man.

147 3858 261 3918 servire]
280 3872 336 3906 om.
349 3856 402 3911 Dr.

150 3927 197 3977 sed
210 3928 291 3976 etiam
304 3944 333 3974 se
347 3924 417 3993 ipse]
437 3940 494 3976 om.
510 3924 590 3974 etiam
604 3923 675 3976 Ven.
696 3924 722 3977 2·
731 3940 802 3971 -se
816 3920 900 3990 ipsum
913 3914 979 3975 sch.
993 3918 1019 3974 2.

150 3992 319 4063 correxerat]
339 3999 454 4045 correxit
467 3992 550 4045 Aldd.
568 3995 611 4045 Ju.
627 3993 735 4061 Gryph.
749 3994 772 4045 1.
786 3993 813 4044 2.

187 4063 255 4132 Cep.
273 4062 318 4120 53·
353 4063 410 4118 177.
447 4081 496 4131 quo
509 4064 646 4129 diximus]
663 4065 708 4117 Ju.
719 4057 828 4130 Gryph.
844 4056 952 4114 1.2.L.
966 4053 1062 4128 steph·
1075 4053 1139 4113 Ald.
1154 4058 1180 4111 1.

116 4128 196 4186 Med.
208 4133 278 4186 Ern.
295 4131 346 4184 Or.
364 4160 393 4171 -
413 4134 525 4183 dicimus
540 4130 642 4185 Ceteri.

154 4213 182 4253 et
196 4200 289 4271 origo]
308 4216 365 4254 om.
381 4212 407 4252 et
421 4200 476 4261 Gn.
487 4200 513 4255 3.
525 4199 590 4256 Sch.
605 4203 629 4256 1.

159 4289 220 4322 eum
229 4282 259 4322 ut
263 4268 323 4339 flt]
342 4288 401 4322 eum
415 4272 445 4323 id
455 4270 491 4339 fit
503 4270 555 4323 Dr.

915 4331 1012 4430 ns·
