2692 5018
205 266 268 331 ωε
641 251 857 332 ORATOR

202 411 272 480 aiat
299 409 394 478 omni
420 408 538 495 generi
566 407 739 486 orationiu
773 405 936 493 quoniam
970 405 1064 475 aliud
1095 426 1202 493 genua
1233 416 1286 473 eat

206 514 385 593 narrandi,
407 512 498 579 aliud
518 508 760 600 persuadendi,
782 509 871 581 aliud
887 511 1045 577 docendi:
1068 531 1112 576 aa
1133 508 1285 596 dispares

207 617 343 687 numeri
377 616 500 702 cuique
537 612 698 681 orationis
731 614 847 698 generi
882 612 1188 680 accommodentur.
1249 610 1287 678 Si

208 740 427 800 communes,
456 718 515 805 qui
533 719 618 785 eintz
646 717 675 785 si
694 716 859 804 dispares,
890 715 970 800 quid
991 716 1138 794 intersit,
1168 725 1204 780 et
1224 737 1287 781 cut·

208 843 402 909 nonaeque
423 821 458 888 iu
479 822 630 888 oratione
651 831 752 905 atquo
768 819 803 886 iu
821 841 922 886 versu
935 842 1100 885 numerus
1114 828 1286 904 appareat.

148 931 198 988 181
213 922 358 1004 Deinde,
379 923 468 1009 quod
492 921 614 989 dicitur
636 921 671 987 in
692 921 843 989 oratione
864 943 1098 1000 numerosum,
1120 920 1289 987 idatium

212 1049 358 1095 numero
386 1027 498 1092 colum
528 1024 710 1103 efficiatur,
753 1046 796 1089 an
826 1025 926 1089 etiam
955 1024 1011 1089 vol
1044 1022 1290 1109 compositione

213 1128 360 1215 quadarn
381 1128 437 1195 vel
458 1149 581 1213 genera
602 1126 803 1193 verboruma
825 1148 915 1193 auno
934 1125 979 1193 ait
996 1147 1097 1193 auum
1113 1124 1290 1208 cuiusque,

213 1243 254 1299 ut
295 1252 457 1296 numerus
490 1227 691 1310 intervallis,
743 1228 939 1315 compositio
977 1227 1133 1307 vocibus,
1182 1249 1291 1313 genus

213 1333 325 1421 ipsum
356 1331 537 1398 verborum
565 1332 659 1417 quati
688 1331 853 1419 quaedam
883 1330 995 1396 forma
1015 1345 1049 1395 ct
1070 1330 1189 1396 lumen
1211 1353 1293 1395 ora-

215 1435 314 1503 tionis
353 1445 533 1524 appareat,
562 1435 670 1516 aitque
701 1432 852 1501 omnium
883 1431 959 1498 fona
995 1430 1207 1520 compositio,
1247 1454 1292 1496 rx

216 1561 323 1625 caque
345 1552 378 1605 et
400 1559 560 1604 uumerus
580 1536 742 1609 efficiatur
760 1549 794 1601 et
816 1559 854 1601 ea
878 1557 965 1622 quac
986 1535 1144 1600 dicuntur
1164 1531 1292 1599 oratio-

216 1641 270 1712 nis
291 1640 386 1728 quati
408 1639 539 1708 formae
562 1650 596 1706 et
615 1638 763 1722 lumina,
792 1661 877 1722 quae
898 1639 952 1726 (ut
973 1637 1058 1722 dixi)
1081 1633 1202 1701 Gracci
1222 1654 1289 1700 vc-

222 1924 429 1940 w

263 2138 334 2190 omui
343 2137 435 2208 generi
447 2136 594 2206 orationis]
619 2141 689 2191 omui
704 2157 798 2210 genere
817 2140 947 2192 orationis
966 2140 1021 2196 vit.
1047 2169 1079 2180 -
1100 2142 1169 2193 amai
1187 2141 1297 2209 generis

229 2207 416 2259 crationiGu.
431 2206 506 2261 3.-
527 2209 610 2258 omnic
619 2211 724 2276 generis
739 2211 856 2261 orationi
877 2208 959 2262 Aldd.
978 2211 1024 2262 Cr.
1044 2210 1076 2264 L.
1096 2207 1230 2278 Heusing.
1257 2209 1296 2260 cf.

229 2275 254 2342 §.
271 2277 329 2330 196.
345 2303 380 2316 -·
397 2313 416 2342 ,‚
426 2294 494 2325 nunc
508 2277 645 2326 dicendum
661 2289 791 2345 celatque
811 2281 887 2330 etiam
902 2281 997 2349 quidue
1016 2280 1146 2330 craticule
1157 2279 1298 2348 generibus

229 2347 283 2395 aiut
297 2347 391 2413 quique
403 2345 523 2410 (numeri)
542 2349 815 2400 accommoduu'cet'mi.
825 2349 843 2378 “

265 2415 291 2464 ci
303 2414 462 2480 communen]
482 2414 506 2463 ci
519 2432 604 2463 omues
618 2414 672 2467 vit.
686 2417 738 2467 Dr.
755 2415 835 2467 Aldd.
854 2418 922 2470 Ven.
939 2419 963 2470 1.
978 2419 1004 2471 2.
1020 2415 1098 2471 Med.

265 2493 345 2552 atque
361 2484 388 2533 iu
400 2481 490 2551 uersu]
509 2494 587 2551 utque
600 2485 728 2535 iuvencum
740 2485 810 2539 Van.
825 2488 849 2541 1.
863 2515 897 2526 -
909 2498 990 2556 atque
1004 2504 1106 2537 veroum
1118 2489 1187 2544 Van.
1201 2488 1229 2542 2.

233 2647 238 2656 ¹
305 2622 365 2676 181.
401 2622 471 2684 quod
484 2621 601 2686 dicitur]
619 2623 684 2683 quid
698 2621 754 2679 vu.

265 2687 420 2759 efficiatur]
438 2688 596 2752 conficiatur
612 2689 668 2744 vit.

267 2777 336 2809 anne
347 2759 401 2824 eit]
419 2758 544 2809 Multum
558 2757 707 2810 haeserunt
721 2756 751 2810 in
764 2757 792 2812 lt.
806 2758 826 2812 l.
840 2758 978 2815 editores.
1000 2777 1065 2816 cum
1079 2759 1110 2815 in
1127 2758 1210 2814 codd·
1232 2774 1302 2817 con·

233 2834 340 2880 uenter
353 2826 464 2895 legatur
477 2846 511 2878 an
525 2825 745 2879 eu.Coniectura
756 2837 850 2881 autem
865 2847 950 2900 quam
970 2830 1128 2899 proprosui,
1143 2829 1215 2885 nihil
1236 2847 1301 2898 pro-

233 2912 271 2964 pe
288 2893 380 2945 differt
392 2894 531 2960 scriptura
547 2895 688 2965 avulgata
703 2899 784 2962 lact.;
802 2900 838 2950 rit
853 2900 929 2953 enim
951 2900 981 2954 in
1004 2899 1087 2953 codd.
1110 2916 1161 2965 per
1183 2899 1218 2949 σι’
1244 2899 1303 2952 fere

235 2963 378 3017 scribitur.
412 2965 451 3015 Ao
468 2979 579 3017 neccaro
603 2971 697 3017 estut
721 2984 788 3016 caue
807 2968 844 3017 eit
867 2969 991 3035 scribac,
1018 2978 1051 3021 ut
1070 2968 1229 3033 indicetur,
1249 2967 1303 3021 hoc

234 3033 396 3086 membrum
424 3031 585 3102 oppositum
608 3050 667 3085 case
689 3035 742 3086 toti
766 3033 853 3104 priori
868 3037 1012 3103 membro,
1038 3037 1116 3106 quod
1137 3053 1188 3105 per
1216 3049 1304 3088 utrum

233 3103 394 3170 inducitur,
413 3118 465 3154 nec
488 3118 549 3154 esse
564 3101 646 3155 huius
661 3111 769 3169 partem
784 3105 908 3175 aliquam
922 3116 953 3158 ut
963 3105 1123 3175 proximum
1140 3105 1305 3175 quodprae-

235 3173 368 3229 aeditua.
396 3172 468 3224 Cum
481 3187 547 3222 vero
560 3170 636 3241 leges
653 3191 687 3221 aa
702 3175 754 3238 eir,
773 3182 804 3225 ut
818 3175 849 3226 L.
862 3175 929 3228 Eru.
945 3175 1009 3228 Sch.
1032 3176 1083 3228 Or.
1098 3176 1240 3242 fecerunt,
1257 3192 1304 3226 nc·

234 3241 437 3312 qua.mcmbra
465 3239 532 3292 satis
553 3239 677 3292 dilucide
697 3240 907 3306 discernuntur,
939 3261 1029 3314 neque
1047 3243 1219 3312 intelligitur
1250 3261 1304 3313 quo

235 3310 321 3364 modo
342 3330 377 3360 au
396 3313 431 3361 eit
450 3309 481 3361 in
501 3328 536 3359 au
558 3321 596 3360 eet
618 3309 696 3362 abiro
720 3312 854 3376 potuerit.
869 3343 904 3353 -
923 3313 1039 3383 Quaerit
1063 3313 1181 3379 Cicero,
1211 3331 1306 3366 nonne

234 3380 363 3450 singulae
378 3376 572 3432 collocationis
586 3387 678 3448 partes
694 3379 801 3446 aliquid
814 3380 949 3450 tribuant,
968 3391 1000 3435 ut
1014 3381 1152 3437 efficiatur
1164 3381 1212 3451 id,
1230 3383 1306 3454 quod

236 3447 268 3502 in
283 3451 412 3502 oratione
425 3463 607 3500 numerosum
626 3448 759 3519 putetur?

275 3535 440 3605 interuallis]
459 3537 487 3587 iu
503 3535 594 3585 intera.
607 3533 644 3586 L.

275 3607 400 3673 occidue]
415 3608 442 3655 iu
457 3604 564 3654 uocibus
582 3603 614 3655 L.
1207 3657 1210 3665 Ι

272 3693 357 3745 genua
372 3677 457 3742 iprum
470 3671 619 3740 verborum]
637 3691 722 3742 genua
741 3674 826 3740 iprum
847 3694 872 3728 u.
893 3677 922 3726 iu
941 3678 1058 3745 quadum
1076 3679 1155 3742 quati
1166 3676 1267 3746 formu
1283 3688 1307 3730 et

241 3743 338 3796 lumine
351 3757 416 3794 orac.
428 3763 487 3810 app.
503 3744 534 3793 L.
549 3769 585 3779 —
597 3759 681 3810 genus
697 3746 781 3811 ipsum
795 3745 929 3795 verborum
945 3748 1061 3812 quadam
1078 3748 1155 3812 quusi
1168 3745 1268 3816 formu
1285 3757 1308 3796 et

242 3813 328 3866 lumen
349 3815 477 3863 ornu'om'c
492 3830 555 3876 app.
572 3809 664 3864 schir.
684 3838 718 3850 -
736 3830 831 3884 genera
849 3815 905 3882 ipso
924 3815 1058 3866 uerborum
1078 3834 1156 3884 quum
1180 3819 1309 3887 quaedum

236 3889 326 3947 sorana
339 3894 364 3932 et
378 3880 463 3933 lumea
485 3901 508 3931 c.
528 3898 554 3932 u.
570 3877 633 3934 Sch.

276 3980 301 4018 et
317 3967 419 4033 lumen]
439 3979 466 4016 ut
481 3965 567 4016 lumen
582 3965 645 4021 vet.
661 3993 695 4004 -
709 3967 759 4020 Or.
776 3975 896 4035 suspect.

280 4036 384 4105 aitque]
402 4038 471 4084 citae
485 4033 548 4085 Sclr.
562 4037 587 4088 1.
1233 4092 1237 4098 ἱ

273 4106 339 4176 fona
353 4103 522 4172 composicio]
545 4104 618 4157 Nam
636 4105 667 4159 in
682 4113 747 4174 apte
767 4105 919 4159 verborum
944 4104 1152 4186 componitiono
1176 4114 1204 4158 et
1223 4105 1309 4160 inter·

246 4176 318 4233 valla
332 4182 468 4243 apparent
481 4181 509 4223 et
521 4175 677 4229 concinnae
691 4191 773 4228 vocas
794 4175 822 4229 el
843 4174 950 4247 figurae
965 4192 1046 4246 quau
1059 4176 1207 4229 orationis.

280 4266 346 4316 quue
359 4241 497 4308 dicuntur]
519 4257 575 4294 om.
590 4246 713 4296 dicuutur
723 4248 792 4302 Van.
