2692 5018
376 257 442 326 au
479 256 708 361 nasoon
745 259 975 328 isurun
1153 275 1211 334 ut

133 411 211 501 quis
230 410 287 476 sed
310 412 512 500 plerumque
534 434 630 493 casu,
661 434 761 500 saepe
780 425 920 491 natura3
942 426 976 481 et
1000 436 1088 502 quae
1113 417 1214 484 valde

131 514 315 582 laudantur
350 513 440 600 apud
475 513 566 594 illos,
610 537 650 581 eu
684 514 773 597 fere,
814 515 894 602 quia
926 527 1006 581 sunt
1044 518 1212 602 conclusa,

124 619 326 687 laudantur.
380 617 424 682 Et
450 617 542 701 apud
570 614 718 682 Graecos
745 613 881 703 quidem
908 615 976 682 iam
998 619 1078 683 anni
1100 639 1207 707 prope
1223 635 1272 690 171

129 714 367 809 quadringenti
388 726 484 795 sunt,
506 738 583 781 cum
602 716 666 781 hoc
684 718 868 804 probatur3
891 741 952 783 uos
974 744 1083 808 nuper
1105 743 1212 806 agno-

129 823 253 892 vimus.
295 821 385 904 Ergo
406 817 517 882 Ennio
540 817 633 883 licuit
651 830 766 912 ¹vetera
788 823 1018 887 contemnenti
1041 823 1189 895 dicere:¹

230 1024 233 1030 Ι
264 936 417 1012 Versihu’,
440 959 514 1020 quoe
536 937 608 1000 olim
629 938 726 1002 Fauni
745 957 883 1026 vatesque
903 942 1065 1014 canebant;
1173 978 1176 984 ·

127 1058 217 1128 mihi
239 1059 281 1125 de
308 1052 452 1140 antiquis
482 1053 597 1118 eodem
620 1056 723 1120 modo
755 1080 824 1122 non
853 1058 976 1140 licebit,
1008 1061 1208 1146 praesertim

130 1185 210 1229 oum
233 1160 380 1226 dicturus
404 1176 472 1222 non
507 1156 590 1236 sim,
623 1156 717 1223 Ante
745 1159 834 1225 hunc
856 1208 863 1223 .
887 1210 894 1226 .
918 1207 926 1224 .
949 1206 958 1223 .
981 1173 1020 1224 ut
1040 1161 1111 1232 ille.
1142 1180 1207 1228 neo

129 1286 218 1352 quae
246 1269 451 1349 sequnntur,
482 1256 560 1324 Noe
586 1257 666 1322 ausi
688 1282 843 1327 reserare
868 1308 875 1326 .
901 1310 909 1326 .
935 1310 975 1327 ..
1011 1262 1091 1348 Legi
1114 1264 1206 1330 euim

131 1362 311 1447 audivique
341 1360 540 1438 nonnullos,
586 1382 730 1444 quorum
772 1365 1018 1453 propemodum
1056 1365 1206 1432 absolute
1247 1412 1249 1417 »

134 1464 530 1530 concludereturoratio.
581 1462 685 1550 Quod
708 1464 764 1549 qui
787 1488 853 1530 non
876 1479 1032 1553 possunt,
1064 1490 1133 1532 uon
1156 1480 1205 1533 est

128 1568 177 1633 eis
199 1567 277 1631 satis
298 1589 370 1631 non
394 1564 578 1646 contemni,
601 1566 731 1631 laudari
754 1567 853 1631 etiarn
879 1570 1008 1634 volunt.
1047 1569 1119 1653 Ego
1140 1591 1206 1634 au-

125 1681 196 1735 tem
217 1667 291 1733 illos
311 1669 400 1755 ipsos
420 1666 522 1732 laudo
544 1666 645 1751 idque
665 1670 803 1747 meritc,
828 1693 973 1755 quorum
995 1692 1030 1734 se
1051 1668 1105 1734 isti
1126 1668 1204 1734 imi-

124 1782 252 1837 tatores
280 1792 348 1836 esse
375 1770 512 1841 dicunt.
543 1768 604 1834 etsi
637 1768 671 1836 iu
704 1771 750 1836 eis
780 1771 907 1858 aliquid
937 1770 1103 1847 desidero3
1140 1773 1204 1840 hos

124 1871 384 1962 veromiuime,
410 1870 469 1958 qui
497 1869 582 1935 nihil
608 1870 746 1936 illorum
776 1873 840 1939 nisi
862 1874 983 1941 vitium
1003 1889 1202 1960 sequuntur,

123 1997 206 2041 cum
227 1998 247 2041 a
267 1974 363 2041 bonis
383 1975 493 2040 absint
512 1971 711 2058 longissime.

209 2094 316 2184 Quod
333 2094 361 2159 si
382 2116 481 2158 aures
503 2103 574 2156 tam
593 2091 797 2157 inhumanas
814 2104 948 2178 tamque
970 2107 1113 2180 agrestes
1133 2096 1198 2160 ha·
1211 2117 1264 2174 172

121 2197 218 2278 beat,
256 2219 299 2262 ne
329 2195 596 2262 doctissimorum
625 2194 759 2280 quidem
787 2196 940 2261 virorum
969 2219 1024 2262 eos
1045 2200 1199 2265 movebit

122 2298 329 2366 auctoritas?
358 2298 486 2364 Omitto
508 2299 689 2363 Isocratem
715 2295 959 2384 discipulosque
981 2298 1052 2362 eius
1076 2300 1198 2386 Epho-

120 2425 200 2469 rum
229 2413 263 2467 et
290 2401 509 2480 Naucratem,
552 2418 747 2484 quanquam
778 2399 935 2464 orationis
963 2400 1135 2466 laciendae
1164 2416 1198 2467 et

120 2505 294 2570 ornandae
328 2513 482 2570 auctores
513 2500 763 2588 locupletissimi
798 2502 922 2567 summi
954 2501 1018 2593 ipsi
1048 2515 1196 2568 oratores

119 2719 330 2740 -ι-ι-ι-ι--φ

157 2863 362 2933 caeperatura]
381 2880 460 2931 saepe
475 2861 557 2913 etiam
573 2872 629 2919 not,
645 2856 740 2927 steph.
756 2858 788 2913 L.
802 2887 837 2898 -
853 2880 913 2926 sepe
927 2872 1026 2911 aurata
1041 2860 1098 2918 vit.

162 2930 305 2983 laudantur
318 2935 391 2998 apud
406 2961 422 2972 -
436 2932 597 2998 laudantur]
622 2945 677 2981 om.
693 2932 765 2996 opud
776 2957 793 2970 -
804 2957 821 2969 -
836 2928 980 2981 laudantur
995 2932 1048 2986 Dr.

161 3000 324 3069 apudiilos]
343 3002 558 3069 apudeoeVen·
582 2997 699 3080 LMed.
743 3066 749 3080 .
879 3058 882 3063 Ι

119 3147 155 3189 σο
192 3069 351 3194 171027ppni
362 3074 462 3139 prope]
481 3073 547 3137 anni
561 3072 747 3139 quadringente
767 3078 829 3118 eunt
849 3086 929 3136 prope
947 3066 1043 3120 Rufio.
1064 3067 1091 3123 d.
1108 3077 1190 3124 metr.

156 3152 195 3188 m·
231 3175 238 3189 Ι
318 3179 325 3195 ⁸
475 3149 477 3153 ,

153 3154 362 3276 hoepprobarur]
380 3207 428 3256 hee
441 3211 587 3274 probantur
600 3204 657 3257 vit.

153 3279 345 3340 contemnenti]
364 3278 544 3327 contemnendi
557 3276 626 3326 ven.
644 3277 666 3326 l.
680 3275 706 3328 2·
720 3273 785 3327 Tul.

151 3346 283 3410 veraibu’]
301 3348 417 3397 uersibus
435 3345 506 3397 Ven.
523 3346 547 3396 1.
558 3346 584 3398 2.
601 3343 677 3396 Med.
700 3371 734 3382 -
756 3361 782 3396 v.
798 3343 877 3394 Brut.
897 3359 922 3397 c.
945 3342 984 3395 18.
1005 3341 1085 3393 Varr.
1106 3341 1139 3392 L.
1155 3343 1189 3398 L.

119 3409 187 3466 VII.
202 3431 231 3482 p.
244 3415 306 3468 822.
337 3415 459 3465 Versibus
472 3431 535 3480 quos
549 3413 612 3464 clim
628 3414 718 3464 Fauni
731 3425 756 3461 et
767 3426 890 3481 vatesque
904 3413 1043 3465 canebant.
1077 3411 1191 3480 Quinct.

115 3479 173 3547 IX,
191 3482 224 3549 4,
243 3485 303 3539 115.
323 3481 440 3533 illud-
452 3485 542 3533 Fauni
555 3493 681 3549 uatesque
694 3483 833 3536 canebant,

149 3552 181 3602 e'n
187 3552 250 3676 1eprz]
276 3556 304 3602 in
319 3551 429 3689 hisbllijt.
441 3553 494 3603 Dr.
507 3553 575 3634 lfen.
593 3554 619 3668 1}2
632 3554 661 3634 2.
677 3549 839 3670 Meggm.
851 3548 934 3605 Aldd.
948 3549 995 3603 Cr.
1010 3547 1084 3601 vict.

241 3659 248 3674 .
283 3640 354 3672 move
373 3634 394 3671 rt
430 3632 599 3671 moverrtaut
621 3633 704 3671 aretas
746 3635 760 3670 e

117 3720 121 3727 ·
147 3688 333 3755 Naucratem]
351 3691 507 3740 Naucraten
522 3691 573 3741 Dr.
590 3705 616 3740 v.
628 3688 661 3739 de
676 3688 755 3740 Orat.
772 3689 808 3752 II,
825 3687 868 3743 23.

115 3760 441 3880 &gummr'vipsilpratp'ree
453 3757 656 3881 {uldelbelllAEi
663 3758 709 3875 830
722 3756 830 3878 sceripin:
845 3755 980 3878 anll‘lm
996 3753 1188 3877 euitleefgitur

168 3837 229 3876 eone
267 3836 299 3880 rt.
342 3847 364 3880 r.
405 3844 448 3880 en.
481 3866 488 3880 .
518 3829 568 3878 Ἦ.
659 3864 665 3876 .
698 3842 724 3878 u.
768 3844 791 3878 r.
831 3841 904 3877 am.
954 3842 1033 3877 ane
1085 3842 1187 3880 uiuus.

112 3892 171 3946 Par
184 3905 226 3947 est
237 3912 302 3949 mea
317 3896 477 3949 emendatio
493 3896 537 3949 illi
559 3897 700 3958 debebam,
720 3912 804 3964 quam
820 3910 834 3945 e
849 3894 904 3946 Gu.
923 3902 948 3954 3.
971 3896 1041 3947 Ven.
1064 3898 1085 3949 l.
1108 3894 1187 3950 Med.

112 3975 282 4034 receperunt
296 3968 359 4021 Sch.
375 3968 424 4019 Or.
441 3967 522 4034 prob.
539 3965 621 4016 Beier
639 3963 674 4015 ad
691 3963 780 4025 Cicer.
801 3964 858 4017 off.
879 3964 912 4017 T.
931 3967 957 4018 2.
976 3980 1003 4031 p·
1023 3965 1081 4018 189.
1101 3965 1187 4016 Cete-

112 4047 179 4085 rum
194 4038 337 4104 summique
349 4039 402 4103 ipsi
416 4049 532 4087 oratores
547 4035 652 4102 legitur
666 4033 720 4086 Vit.
728 4035 780 4086 Dr.
790 4038 859 4090 Ven·
872 4036 897 4087 1.
907 4035 934 4087 2.
942 4032 1020 4086 Med.
1035 4032 1097 4085 Tut
1109 4034 1140 4086 L.
1149 4061 1184 4074 -·

113 4118 171 4155 orn.
187 4122 236 4171 que
248 4116 313 4172 post
327 4107 423 4157 summi
436 4107 498 4157 Vet.
516 4104 598 4157 Aldd.
611 4107 655 4155 Ju.
673 4105 718 4155 Cr.
731 4105 811 4155 Man.
824 4104 892 4154 Era.
912 4101 977 4155 Seh.
996 4102 1047 4154 Or.
1079 4102 1183 4154 Sensus

104 4179 207 4295 ppgetf
220 4171 329 4296 cpibipsi
343 4174 447 4229 summi
460 4184 585 4227 oratores
598 4190 652 4245 pro
668 4171 781 4244 optimis
793 4171 895 4226 harum
911 4187 1009 4225 rerum
1020 4171 1183 4225 auctoribus

165 4255 206 4295 en
241 4252 332 4300 cent.
