2692 5018
359 247 428 317 An
465 246 691 318 naacun
721 249 956 321 sacrun.
1155 263 1199 328 sr
1246 237 1249 241 ’

200 400 304 493 Quod
320 422 399 468 cnm
414 402 461 468 ita
480 401 538 481 sit,
558 408 674 470 tamen
693 425 752 485 ea,
774 428 861 494 quae
880 429 983 498 supra
1003 404 1190 494 dictasunt,
1211 425 1253 491 43

105 507 192 595 plus
213 507 249 570 in
271 503 472 591 disputando
496 525 601 591 quam
626 528 682 589 aa,
711 508 753 573 de
784 510 905 593 quibus
928 509 1113 576 dicendum
1137 523 1194 591 est,

104 607 285 693 dignitatis
306 606 506 671 habuerunt.
557 609 613 670 De
639 607 749 673 verbis
779 609 869 675 enim
898 609 1139 699 componendis
1159 622 1192 678 et
1204 617 1255 679 147
1318 678 1321 683 .

106 709 157 775 de
183 709 321 797 syllabis
346 707 595 796 propemodum
627 709 881 783 dinumerandis
918 723 952 776 et
978 712 1191 779 dimetiendis

97 812 308 898 quuemur:
331 830 418 894 quae
434 808 564 876 etiamsi
583 823 677 892 sunt,
700 811 796 877 sicuti
819 812 903 877 mihi
926 812 1101 895 videntur,
1128 836 1192 879 ne··

97 912 271 991 cessaria,
318 921 433 976 tamen
459 909 547 976 fiunt
579 912 847 998 magnificentius
882 937 983 1001 quam
1016 916 1190 982 docentur.

87 1018 185 1101 tOEst
209 1015 245 1080 id
277 1013 583 1086 omninoverum.
629 1016 686 1078 sed
713 1015 857 1103 proprie
882 1015 918 1078 in
949 1013 1013 1079 hoc
1040 1016 1188 1107 dieitur]

87 1121 198 1186 eNam
226 1117 377 1181 omnium
398 1137 594 1201 magnarum
606 1118 743 1188 'artium
761 1119 847 1181 sicut
862 1114 1025 1180 ardrorum
1050 1117 1188 1182 altitudo

87 1223 174 1287 finos
197 1217 352 1296 delectat,
376 1215 504 1280 radices
527 1217 715 1302 stirpesque
738 1241 813 1295 non,
827 1218 924 1281 item:
955 1218 1011 1280 sed
1035 1240 1107 1282 esse
1132 1219 1189 1282 itta

87 1318 183 1391 ·.sine
210 1318 262 1384 his
289 1341 357 1383 non
388 1330 506 1403 potest.
564 1318 621 1384 Me
645 1330 758 1385 autem
789 1319 860 1385 sive
890 1318 1188 1407 pervagatissimus

91 1421 319 1500 allevemus,
347 1419 402 1505 qui
425 1431 517 1483 vetat

99 1556 110 1597 t
272 1543 387 1621 Artem¹
403 1538 514 1623 pudere
531 1539 686 1626 proloqui,
708 1565 797 1627 quum
815 1541 948 1628 fortites,

87 1657 319 1724 r'dissimulare
339 1680 408 1721 non
426 1656 505 1722 sinit
526 1657 608 1746 quin
629 1659 790 1738 delecter,
813 1660 884 1723 sive
910 1672 1004 1725 tuum
1034 1658 1184 1725 studium
1222 1730 1226 1745 ‚

87 1764 172 1827 '‘troc
198 1784 218 1823 a
243 1782 299 1823 me
317 1760 477 1824 volumen
504 1760 683 1849 expressit:
712 1773 825 1827 tamen
855 1762 921 1840 eis,
953 1782 1035 1845 quus
1058 1761 1184 1846 aliquid
1223 1748 1227 1769 ¹

109 1864 370 1951 reprehensuros
404 1862 613 1948 suspicabar,
651 1862 921 1949 respondendum
951 1862 1026 1926 fuit.
1078 1863 1178 1951 Quod
1197 1870 1246 1932 148

109 1966 135 2029 si
159 1987 197 2028 ea
221 1985 305 2050 quae
327 1962 397 2026 dixi
416 1986 486 2028 non
505 1965 551 2026 ita
573 1977 700 2044 esseut,
715 1964 794 2052 ‚quis
817 1976 930 2028 tamen
958 1989 993 2027 se
1018 1976 1084 2029 tarn
1113 1966 1183 2029 du-

109 2086 184 2131 rum
209 2077 443 2152 agrestemque
471 2063 664 2151 praeberet,
691 2068 749 2150 qui
774 2054 863 2130 hanc
890 2064 972 2128 mihi
997 2089 1063 2129 noa
1088 2067 1183 2132 daret

110 2167 258 2246 veniam,
288 2179 345 2245 ut,
375 2190 450 2230 cum
480 2190 571 2231 meae
598 2170 747 2230 turenses
773 2156 864 2232 ardes
886 2179 919 2231 et
948 2168 1094 2232 actiones
1115 2191 1181 2255 pu·
1271 2191 1277 2224 z

87 2246 212 2366 patinae
240 2268 476 2349 concidissent,
508 2291 577 2332 non
604 2292 658 2336 me
684 2281 744 2333 aut
767 2267 928 2352 desidiae,
958 2270 1048 2355 quod
1070 2269 1182 2335 facere

107 2696 263 2766 elaqueatis
284 2694 491 2767 profecissem?
523 2697 583 2764 Ego
602 2703 696 2747 tamen
714 2695 800 2764 longe
814 2695 895 2746 aliter
914 2694 1014 2747 seatio.
1046 2696 1096 2757 Vel
1113 2694 1176 2748 attis

106 2768 213 2832 serbis,
232 2777 320 2818 artem
339 2767 363 2817 si
378 2765 554 2818 dissimulare
571 2765 687 2832 vellem,
705 2773 767 2817 tum
783 2765 814 2816 id
828 2768 973 2834 tacerem,
1001 2782 1067 2819 curn
1083 2767 1178 2818 ruinas

103 2852 148 2889 mc
168 2837 199 2887 in
215 2852 247 2887 ea
261 2836 421 2904 profectum
438 2852 498 2889 esse
513 2835 657 2886 sentirem.

87 2934 103 2995 2!
173 2940 243 3005 Cap.
261 2938 305 2994 43.
339 2937 506 3006 habuerunt]
523 2939 669 2988 habuerant
685 2937 741 2989 Vit.

174 3007 233 3061 147·
268 3011 455 3072 dimetiendis]
473 3009 643 3057 derrtetiendis
655 3008 718 3061 Tui.
733 3005 794 3058 Ald.
808 3009 834 3061 2.
851 3006 889 3061 cf.
909 3023 970 3074 sup.
985 3022 1011 3061 c.
1030 3008 1071 3062 12.

87 3076 97 3125 ι’
136 3079 247 3127 etiamsi
261 3077 339 3143 sunt]
357 3078 412 3125 siet
429 3075 484 3125 Vit.

87 3148 96 3193 t
136 3148 190 3208 [est
208 3142 283 3195 id-
297 3145 416 3211 dicitur]
434 3156 459 3195 et
479 3144 637 3205 is,1t0b.-
653 3143 754 3211 Spuria
767 3144 935 3214 putetsch.
951 3143 1002 3197 Or.
1098 3202 1101 3208 ,

87 3228 94 3261 t
135 3217 220 3277 nera]
240 3231 295 3267 om.
314 3213 346 3264 L.
934 3214 937 3221 '

135 3284 301 3352 stirpesque]
319 3283 450 3350 stipesque
465 3280 536 3331 Kob.
578 3282 580 3286 ’

134 3371 177 3403 me
191 3353 298 3418 autem]
317 3371 405 3418 meque
427 3352 495 3399 enim
512 3352 573 3404 tet.

133 3423 212 3489 etue]
231 3425 302 3471 sicut
317 3424 386 3472 Van.
401 3420 428 3473 2.
442 3417 507 3470 ΤΗΙ.

131 3489 390 3559 pervagatissimus]
408 3489 668 3556 perungitatissimua
681 3489 727 3540 Cr.
740 3515 772 3527 -
786 3487 1032 3557 pervulgatissimus
1044 3487 1106 3539 vet.

87 3560 287 3679 unittiedm]
307 3562 354 3627 qui
367 3557 460 3609 velud
473 3571 558 3608 artem
583 3559 637 3609 Vtt.
652 3560 718 3610 Ven.
743 3561 768 3612 l·
783 3561 808 3612 2.
823 3558 887 3608 ΤυΙ.
905 3586 941 3597 --
962 3559 1007 3625 qut
1029 3557 1071 3607 uel
1092 3566 1177 3605 artem

129 3644 153 3677 r.
210 3645 224 3678 e
247 3668 254 3684 .

135 3714 199 3779 quin
208 3712 330 3781 delecter]
346 3730 385 3765 sc.
394 3721 463 3765 arte.
473 3712 528 3764 Vit.
539 3711 669 3765 atrato.
679 3712 751 3764 Vict.
760 3714 792 3766 L.
804 3713 884 3764 Man.
899 3712 965 3763 Non
978 3709 1108 3761 offendor
1121 3708 1176 3760 hac

87 3781 314 3833 constructione
331 3782 540 3833 coniunctionis
556 3786 617 3853 qraetn
642 3791 706 3850 post
724 3802 773 3831 non
787 3785 974 3831 ‹ttmmutm—
994 3780 1176 3847 quindetectet

87 3862 140 3902 sc.
159 3865 204 3900 ars
219 3855 288 3902 Ven.
304 3854 328 3904 1.
341 3854 366 3904 Ξ.
384 3852 461 3906 Med.
479 3852 526 3903 Cr.
540 3871 636 3899 -n-ue
649 3854 706 3917 fuit
723 3854 769 3917 qui
781 3850 891 3902 delectet
908 3849 979 3902 Kob.
995 3868 1089 3899 -atm
1109 3849 1176 3900 sinit

87 3919 168 3988 quid
185 3918 295 3969 delectet
310 3921 378 3972 Ern.
398 3923 449 3974 Or.
459 3924 528 3970 -id
543 3941 591 3986 quo
605 3921 717 3969 detester
732 3918 797 3971 Sclt.

88 3988 93 3995 '
136 3986 244 4056 aliquid
264 3990 383 4056 reprem]
409 3990 508 4057 repreli.
525 3989 632 4060 aliquid
654 3989 708 4042 Ga.
720 3988 747 4044 3.
759 4017 792 4027 -
807 4005 872 4058 quoe
891 3987 990 4058 repreh.
1012 3986 1177 4057 suspicabor,

87 4060 208 4126 ‘elimata
224 4074 291 4126 resp.
303 4056 334 4128 s.
347 4058 411 4111 Sch-
424 4063 454 4114 2.'

174 4160 232 4215 148.
268 4161 461 4226 concidissent]
480 4165 667 4215 conticuissent
682 4160 765 4214 Beier
778 4160 814 4211 de
833 4158 892 4214 Off.
907 4162 941 4217 Τ.
953 4163 981 4216 2.
994 4144 1021 4231 p.
1032 4162 1074 4218 12.

136 4250 187 4280 non
201 4249 241 4280 me
255 4234 324 4293 aut]
343 4249 401 4281 mea
414 4244 443 4282 ut
458 4234 527 4287 Vsu.
544 4238 611 4289 l.-
627 4250 684 4286 orn.
697 4245 745 4283 aut
758 4229 817 4282 Vit.
