2692 5018
162 253 224 316 160

275 417 383 479 Edit.
405 417 558 480 Ernert.
627 498 630 513 Ι

160 539 261 620 quoad
276 540 394 598 insistat

159 631 234 692 208.
249 634 411 683 attentetur

159 715 231 776 210.
255 710 436 789 perfecimus

158 816 220 855 non
232 793 357 872 inquirit
368 794 451 875 quod
468 790 588 874 repreh.

158 887 231 946 211.
253 880 345 940 licere

158 965 277 1045 inopiae
291 985 380 1024 conen

159 1060 247 1129 cogat
307 1070 314 1081 ·

158 1156 187 1196 0·
203 1142 254 1202 63.
267 1141 341 1200 212.
365 1132 466 1196 chorei
480 1144 551 1209 eunt

157 1220 240 1302 quod
255 1222 291 1279 ab
306 1221 371 1279 aliis

157 1308 267 1370 nomin.
282 1306 437 1366 vocubulis

158 1398 230 1458 213.
252 1412 313 1450 non
329 1403 374 1452 eot
386 1393 439 1453 ille
455 1391 579 1473 quidem

156 1477 284 1558 pedibus
304 1478 422 1536 incisim

157 1569 230 1630 214.
256 1583 343 1640 quern
357 1563 531 1624 Aristoteles

157 1669 185 1709 c·
201 1654 251 1714 64.
268 1649 340 1712 215.
358 1668 427 1707 nom
443 1664 494 1707 our
507 1668 524 1708 e
539 1648 627 1728 longo
642 1658 672 1709 et

157 1742 210 1793 aut
225 1755 240 1793 e
254 1732 378 1791 totidem

157 1825 231 1884 216.
254 1819 307 1875 etei
323 1817 407 1896 quod
423 1826 469 1879 eet
527 1862 530 1869 .

158 1910 231 1970 217.
253 1904 409 1982 proximus
425 1911 608 1984 apostremo

156 2000 225 2051 uter
239 1989 278 2047 rit
575 1990 580 2003 '

157 2096 195 2134 an
205 2076 295 2151 longa
308 2074 349 2133 sit

156 2166 229 2227 218.
253 2157 411 2218 dochmiuo

157 2266 186 2307 c.
200 2249 253 2313 65·
269 2249 341 2309 219.
364 2243 411 2303 his
424 2244 515 2324 igitur

155 2341 277 2410 temque
289 2328 383 2388 variis
397 2330 422 2389 ei

155 2435 281 2476 numero
298 2415 396 2475 solum

157 2502 241 2581 quod
257 2508 327 2559 ante

157 2591 220 2646 eine
237 2585 300 2644 ulla

157 2692 192 2732 ea
207 2691 268 2730 non
283 2689 407 2730 numero

156 2757 235 2816 ineet

155 2845 229 2909 220.
254 2837 398 2918 quicquid
419 2836 461 2896 ito
481 2833 673 2895 concluditur

197 2926 375 3007 plerumque
391 2921 426 2980 fit

156 3010 231 3073 haec
247 3028 367 3088 quoque

156 3106 327 3159 neotomen

157 3204 185 3245 c.
202 3186 255 3247 66·
277 3185 348 3245 221.
370 3188 400 3239 et
417 3198 456 3238 ne
469 3176 591 3242 brevior

156 3285 371 3345 nonnunquam

156 3359 230 3421 222.
251 3352 388 3433 profecto
402 3348 540 3428 effugisse

157 3445 232 3506 223.
256 3439 358 3517 copias

158 3545 185 3584 e.
202 3529 252 3588 67.
275 3522 440 3582 efferuntur

158 3607 325 3688 dispondeo

155 3696 312 3756 liberiores
325 3690 416 3773 pedes

156 3788 228 3848 224.
251 3786 347 3838 tractu

157 3887 244 3946 quen]
260 3882 370 3942 <niuoso

156 3958 227 4018 226.
251 3956 372 4027 inruerat

156 4043 229 4103 227.
251 4045 320 4112 apte
335 4030 469 4112 exposita

157 4144 217 4184 non
233 4121 305 4202 quin

157 4221 227 4294 opta
241 4210 302 4272 vim

878 420 965 482 cod.
988 424 1139 484 Monac.

726 538 833 620 quoad
845 543 942 600 irrotat

725 625 929 705 adtempletur

719 713 912 790 perficiemur

723 818 786 855 non
803 799 940 877 acquirit
954 795 1035 875 quid
1042 797 1178 877 prendat

724 882 826 940 liceret

722 969 824 1045 inopie
839 986 916 1027 caru

723 1055 807 1132 cogit

723 1159 783 1198 om.
797 1136 898 1196 chorei

724 1220 808 1302 quod
821 1222 861 1281 ab
875 1223 942 1282 illie

632 1362 635 1367 .
721 1307 828 1367 vocab.
846 1310 960 1367 nomin.

722 1414 784 1452 non
799 1403 843 1450 eet
857 1415 915 1452 rua
928 1403 1033 1472 sponte
1049 1391 1173 1472 quidem

716 1476 852 1559 pedibue
863 1480 1004 1538 vicissim

722 1585 819 1644 quam
830 1564 873 1625 A.

721 1670 797 1708 nam
808 1661 864 1708 aut
876 1672 892 1708 e
906 1650 1001 1729 longa
1016 1659 1060 1708 ert
1076 1659 1102 1706 et
1118 1647 1217 1706 tribur

723 1756 781 1795 orn.
800 1758 815 1792 e

723 1831 751 1878 et
763 1816 873 1899 siquid
886 1830 930 1876 eet

722 1925 780 1967 om.
795 1926 816 1961 a
827 1914 980 1983 postremo

722 1992 842 2048 intersit

722 2096 818 2156 quam
831 2075 926 2154 longa
938 2077 981 2132 rit

723 2159 897 2218 dochtmiuo
942 2172 945 2180 ’

723 2249 753 2304 ie
769 2248 866 2324 igitur

722 2339 875 2410 tanquam
888 2331 917 2387 ei

724 2416 820 2475 omitt.

723 2498 810 2580 quod
821 2509 880 2559 aut

723 2588 789 2644 eine
801 2587 859 2644 illa

724 2693 760 2729 ea
774 2674 803 2728 oi
817 2693 878 2730 non
895 2691 1018 2730 numero

723 2767 768 2815 ert

723 2837 803 2922 quid
812 2839 899 2920 quod
901 2842 1071 2922 plerunque
1086 2843 1169 2900 oiout

720 3009 797 3069 haer
807 3032 878 3070 vero

722 3116 781 3156 om.
795 3107 896 3155 tamen

722 3193 750 3240 et
764 3203 835 3242 neve
847 3182 964 3242 brevior

721 3267 819 3327 omitt.

717 3355 880 3432 profertur
905 3352 1049 3436 effugiente

720 3441 844 3517 copiam

721 3524 895 3604 afferuntur

721 3608 873 3687 opoudeue

720 3693 844 3754 leviores
854 3693 944 3776 pedes

719 3789 855 3840 tractata

721 3869 814 3942 quari

720 3962 823 4028 queret
837 3971 924 4029 quem
936 3948 1069 4032 appellat

720 4046 790 4112 apte
804 4038 935 4115 exposite

604 4142 607 4147 '
717 4140 779 4178 110Ῑῦ
792 4142 863 4178 cum

719 4226 777 4274 om.
797 4210 861 4266 vim
