2692 5018
379 287 448 352 su
482 285 712 353 rancun
744 284 975 353 esurum.
1129 292 1213 372 ,sss

135 449 172 501 ut
194 437 226 501 id
251 439 291 502 de
314 437 473 502 industria
496 439 623 504 factum
649 438 872 526 intelligatur,
902 459 1012 522 neque
1032 438 1212 511 inferciens

134 541 236 606 verba
263 542 356 626 quasi
381 542 482 605 rimas
504 539 655 628 expleat,
694 562 755 605 nec
771 540 933 606 minutos
963 562 1124 605 uumerus
1153 564 1210 605 se-

132 665 240 729 queus
269 641 420 708 concidat
449 640 697 726 delumbetque.
718 640 914 715 sententias,
950 663 1012 706 nec
1039 642 1112 706 siue
1142 643 1210 719 ulla

132 741 398 809 commutatione
420 742 457 808 in
471 743 596 808 >eodem
609 765 753 832 semper
773 752 929 808 versetur
942 761 1065 827 genere
1085 765 1211 807 nume-

106 885 110 893 ι
133 867 271 914 rorums
292 844 319 908 is
340 843 550 910 omniafere
572 845 654 910 vitia
674 845 843 911 vitaverit.
887 844 984 910 Nam
997 845 1038 909 de
1056 844 1210 918 laudibus

132 945 238 1013 multa
261 946 425 1026 diximus,
447 946 568 1032 quibus
590 959 671 1012 sunt
691 948 755 1013 alia
777 946 953 1034 perspicue
974 947 1054 1011 ritis
1075 959 1211 1012 contra-

132 1050 195 1114 ris.
239 1048 417 1136 Quantum
439 1059 552 1112 autem
575 1048 619 1115 sit
639 1061 717 1138 apta
736 1049 864 1131 dicere,
892 1049 1042 1136 experiri
1064 1049 1155 1126 licet,
1179 1047 1269 1118 sito

133 1163 194 1216 sut
213 1150 399 1236 compositi·
412 1154 555 1214 oratoris
576 1148 662 1215 bene
682 1162 846 1218 structam
868 1151 1119 1216 collocationem
1134 1147 1206 1214 dis·
1226 1159 1279 1213 2³2

121 1253 241 1318 solvas
263 1250 509 1342 permutatione
531 1251 724 1317 verborum.
760 1251 1003 1340 Corrumpitur
1023 1252 1114 1317 enim
1135 1263 1207 1325 tots

131 1375 202 1436 res,
222 1367 260 1420 ut
279 1365 314 1418 et
336 1354 416 1418 haec
438 1365 554 1417 nostra
575 1353 611 1416 iu
632 1356 833 1421 Corneliana
848 1367 882 1420 et
898 1354 1052 1443 deinceps
1070 1355 1202 1420 omnia:

132 1456 256 1545 Neque
286 1479 341 1520 me
373 1453 516 1521 divitiae
547 1468 700 1538 ruovent,
731 1458 851 1544 quibus
879 1478 996 1521 omnes
1016 1456 1208 1544 Africanos

131 1570 168 1625 et
187 1557 331 1624 Laelios
361 1557 465 1624 nselti
496 1557 657 1624 venalitii
686 1571 960 1655 mercatoresque
987 1570 1208 1658 superarunt.

131 1713 340 1734 W

168 1795 326 1866 isderciens]
344 1791 571 1864 irssorciensVen.
587 1795 613 1849 2.
626 1794 689 1847 Tul.

135 1901 139 1910 .
165 1875 223 1920 stne
235 1866 293 1923 ulla
307 1864 451 1929 commun]
467 1866 524 1912 sins
538 1863 613 1919 nulla
625 1881 650 1916 c.
666 1882 724 1930 mg.
741 1866 810 1918 Tul.
825 1893 861 1916 -s
883 1880 939 1920 om.
956 1865 1014 1919 salto
1026 1865 1082 1921 vit.
1209 1913 1211 1917 ,

132 1934 324 2055 Διέἓνεῖἱσιιέ]
341 1932 403 2052 Ὺίῗ
411 1930 464 2055 DE?
480 1931 537 2053 (3Ιὸ
551 1933 577 1994 8.
595 1937 732 1995 Veu.1.2.
748 1935 821 1996 ilict.
837 1935 920 1988 Grut.
936 1963 970 1984 -.-
979 1933 1207 2005 perspicunMed.

207 2043 214 2058 .
243 2018 269 2054 u.
301 2011 364 2057 stat.
405 2035 412 2049 ·
454 2016 496 2053 ru.
540 2018 564 2054 r.
762 2036 765 2041 ,
847 2012 849 2019 ’

169 2090 172 2111 2
202 2073 269 2140 Cep.
286 2073 329 2133 70.
364 2071 425 2133 282.
458 2072 599 2138 compositi
613 2070 742 2139 oratorie]
769 2073 922 2142 compositio
943 2074 1057 2124 oratorie
1076 2071 1131 2127 vtt.
1152 2072 1206 2128 Dr·

130 2142 201 2203 Ven,
217 2143 241 2194 1.
252 2142 279 2195 2.
298 2139 378 2195 Med.
395 2138 460 2190 Tul.
701 2194 704 2199 ,

164 2208 380 2276 collocationem]
398 2207 566 2259 collationem
581 2207 638 2265 Vit,
871 2214 873 2219 '
1186 2204 1205 2243 -''

164 2278 317 2344 dissolvas]
334 2275 463 2329 dissolvat
480 2275 537 2330 vit.
548 2276 600 2327 Dr.
618 2277 688 2331 Vett.
703 2279 727 2331 l.
739 2279 766 2331 Ξ.
778 2275 855 2332 Med.
872 2277 937 2332 Tul.
956 2278 1029 2332 (ium
1043 2284 1140 2330 nutem
1154 2276 1188 2337 (ii

130 2364 197 2402 cero
211 2345 281 2397 dicit
296 2348 322 2395 si
333 2357 381 2396 out
394 2374 410 2385 -
426 2344 572 2413 dissolvas²
589 2357 636 2394 out
654 2345 765 2415 pendet.
783 2345 823 2397 ita
841 2345 916 2405 euim
931 2348 1098 2407 continuere
1116 2345 1207 2409 voluit

131 2417 302 2471 orationem:
323 2415 349 2464 si·
358 2425 405 2466 out
418 2415 557 2480 compositi
561 2416 674 2464 oratoris
688 2415 883 2466 beneetructom
898 2415 1095 2466 collocutionem
1108 2414 1206 2466 dissuis
1229 2470 1234 2476 ν

128 2506 178 2538 oue
190 2485 384 2554 permutatione
395 2483 543 2546 uerborum,
562 2494 611 2534 aut
629 2484 655 2533 ei
676 2482 792 2538 alicuius
812 2486 943 2536 inconditi
962 2487 1123 2552 dissipatam
1142 2502 1205 2535 een-

130 2558 242 2610 tentiom
266 2555 295 2603 in
322 2554 451 2621 quadrum
478 2553 602 2618 rediges,
628 2554 718 2607 urdine
741 2552 875 2606 verborum
897 2553 1008 2622 paulurn
1034 2562 1203 2603 commutato.

130 2624 212 2677 Prius
227 2630 322 2675 eutem
335 2620 495 2674 membrum
509 2627 660 2688 postquem
673 2619 864 2674 enuntiaverat
881 2620 985 2686 (licem,
1004 2620 1136 2691 adiungit
1148 2628 1205 2672 sta·
1240 2653 1243 2661 -

129 2694 183 2747 tirn
195 2690 321 2759 exempla
327 2726 337 2760 2
355 2705 477 2757 quorum
490 2687 604 2757 longior
621 2687 758 2756 expositio
779 2698 871 2755 vetet,
888 2707 924 2742 ne
935 2688 1090 2753 secundum
1103 2689 1205 2742 deiude

130 2761 289 2817 membrum
302 2759 333 2810 in
342 2757 440 2810 eadem
450 2757 819 2813 cotsstructioneverborum
834 2759 967 2826 proferet.
984 2759 1061 2829 Ergo
1070 2758 1204 2825 exenspiie

132 2829 251 2884 laudatis
264 2825 366 2894 incipit
378 2843 474 2879 rursus
487 2825 603 2883 caudent
621 2827 791 2880 sententiam
808 2831 928 2896 repetito
949 2831 1078 2881 membro
1099 2828 1203 2897 priore.

137 2899 218 2950 Vides
229 2918 260 2949 ne
273 2909 329 2946 ut·
344 2897 382 2948 od
394 2895 507 2945 nibilum
519 2895 607 2952 omniu
622 2897 761 2965 recidunt¹
779 2916 837 2948 cuns
851 2901 906 2948 sint
921 2917 954 2948 ex
971 2899 1044 2966 optio
1065 2899 1205 2960 dissoluto,

132 2979 181 3018 out
194 2966 220 3019 si
232 2963 345 3017 alicuius
360 2966 490 3015 inconditi
501 2965 661 3029 dissipatoris
675 2967 831 3016 sententium
843 2968 873 3016 in
885 2971 1013 3035 quodsum
1027 2967 1145 3034 redigas,
1161 2966 1208 3032 ef-

126 3037 243 3107 ficiatur
256 3052 274 3086 o
292 3046 348 3086 turn
362 3032 477 3084 itata-
495 3030 634 3100 efficiatur
648 3032 750 3099 pendet
764 3050 781 3087 tt
793 3036 900 3087 uidesne
913 3049 951 3089 ut.
978 3033 1135 3099 Durissime
1155 3051 1206 3085 eu·

129 3115 190 3158 tem
198 3055 340 3155 Ern.liseo
354 3102 438 3153 verbs
451 3101 600 3164 construit,
625 3100 705 3169 quusi
717 3101 767 3153 illa
782 3105 869 3153 aut'ss'
885 3104 1001 3154 alieuius
1017 3105 1206 3157 inconditietc.

129 3189 227 3227 revere
244 3187 277 3224 ex
289 3169 535 3239 mentescriptoris
548 3170 668 3222 alterurn
679 3170 837 3223 membrum
851 3181 942 3224 ossettt
958 3170 994 3226 ad
1007 3171 1079 3223 huso
1093 3174 1209 3236 experiri

130 3245 203 3309 licet,
221 3245 246 3294 si
258 3253 304 3292 out
317 3242 456 3307 compositi
468 3243 580 3290 oratoris
593 3246 657 3306 etc.,
674 3239 715 3293 its
728 3248 759 3292 ut
774 3240 940 3294 intermedie
952 3241 1047 3292 omnia
1059 3239 1090 3291 in
1102 3255 1207 3310 peren-

128 3312 205 3364 thesi
218 3306 498 3365 essentincludende.
759 3348 762 3353 .

164 3378 356 3449 corrumpitur]
375 3377 423 3429 Sic
439 3375 535 3446 recepi
548 3392 563 3428 s
578 3377 635 3432 vu,
645 3404 680 3425 a·
696 3389 875 3447 cornunpetur
890 3376 987 3448 steph.
999 3380 1031 3430 L.
1045 3376 1122 3430 Met.
1142 3377 1206 3433 tut.

130 3459 354 3517 -corrumpotur
372 3447 474 3502 Ceteri.
696 3455 698 3459 ⁴

164 3531 229 3570 utet
246 3516 328 3585 leuse]
349 3532 405 3577 om.
423 3528 448 3566 et
466 3515 521 3576 Gna
535 3514 561 3569 8·
574 3515 652 3579 Men·
669 3513 734 3568 seh.
750 3517 777 3579 2.
791 3545 825 3565 -s-
843 3527 872 3572 ut
886 3527 911 3566 ‘et
924 3515 1090 3572 lstsecnostra
1111 3517 1207 3568 Gorne-

129 3587 208 3640 liasa
220 3588 284 3639 Vet.
567 3626 570 3633 .
722 3631 725 3639 .
850 3607 853 3613 ·

165 3652 326 3728 Africanos]
346 3652 443 3708 omneis
460 3654 489 3702 A
507 3652 629 3703 briconos
646 3658 715 3713 Vena
731 3654 755 3706 l.
1104 3680 1107 3688 ·
1197 3664 1202 3684 ⁸

164 3722 306 3795 venalitii]
324 3740 351 3774 v.
365 3720 472 3774 Nonius
486 3673 513 3771 b
526 3739 554 3783 v,
572 3731 600 3772 et
615 3723 728 3791 Quinct.
755 3721 810 3787 IX,
832 3720 866 3786 4,
894 3720 934 3776 tt.
974 3720 1113 3788 „Denique
1136 3719 1206 3786 quod

130 3796 322 3862 ruiquevisum
338 3793 388 3842 erit
401 3790 577 3857 vehementer,
601 3791 727 3851 dulciter,
752 3792 915 3857 speciosoque
935 3789 1048 3850 dictum,
1072 3786 1159 3839 solvet
1178 3797 1205 3836 et

129 3865 234 3914 turbets
252 3862 349 3912 abierit
364 3861 447 3910 omnis
469 3861 526 3922 vis,
550 3860 718 3920 iucunditas,
746 3861 830 3910 decor.
855 3857 936 3909 Solvit
957 3860 1087 3926 queneclum
1105 3873 1155 3907 ouo
1176 3856 1205 3904 in

133 3933 248 3984 Oratore
267 3932 370 3992 Cicero,
397 3930 509 3996 Neque
527 3946 571 3978 nse
595 3929 749 3978 diuitiae
771 3939 927 3992 movent,
951 3928 1075 3996 quibus
1093 3942 1204 3975 omnes

130 4001 335 4070 Africanos
360 4009 390 4046 et
413 3996 563 4049 Laelios
589 3993 693 4048 multi
718 3994 897 4047 venalitii
922 4007 1204 4061 mercatoresque

131 4090 191 4138 sup
202 4076 364 4130 errarunt,
382 4078 413 4116 et„
426 4067 586 4136 insequentes
605 4068 725 4132 deinceps
741 4066 881 4132 periodoss
899 4084 964 4133 quus
978 4070 1001 4119 ss·
1014 4061 1138 4114 «etlilium
1151 4079 1203 4130 rno-

132 4142 194 4190 dum
211 4138 314 4198 turbes,
332 4133 402 4184 velut
412 4132 513 4202 frtrem
536 4147 582 4186 aut
600 4147 749 4186 transuerso
770 4133 823 4183 tela
841 4135 991 4200 proieceris.
1030 4135 1100 4182 tuem
1117 4130 1204 4182 corri-

128 4211 190 4277 git,
209 4224 276 4274 quae
290 4203 440 4255 attractio
456 4208 602 4272 composita
617 4206 707 4255 durius
721 4203 828 4270 putast‘
845 4230 877 4242 -·
895 4202 1061 4258 ventiles-iterii
1070 4198 1226 4250 Patricius·

132 4279 164 4330 tu
177 4272 372 4346 trogmhuius
383 4279 454 4328 orat.
466 4273 566 4329 Lsmb.
574 4273 605 4326 iu
619 4273 705 4327 node.
715 4271 839 4342 improb.
847 4271 922 4343 Lips.
930 4276 993 4332 Ver.
1002 4273 1089 4324 beott.
1098 4267 1205 4337 Ilm&
