2692 5018
159 264 202 329 48
590 254 806 322 ORATOR

159 410 409 502 magnificentia
427 410 588 477 recedens
609 434 680 476 non
699 432 735 476 se
757 433 899 499 parcum
921 412 1038 479 solum
1060 412 1129 477 setl
1156 415 1242 485 etiam

101 519 138 581 84
159 519 345 604 elegantem
366 515 471 579 videri
490 515 593 589 volet,
617 514 717 600 eliget
736 514 860 598 quibus
876 525 1001 583 utatur.
1050 518 1151 583 Sunt
1167 520 1238 587 enin

154 622 316 710 pleraque
334 628 409 704 apta
430 616 531 680 huius
552 616 655 704 ipsius
673 616 827 697 oratoris,
851 618 977 704 dequo
993 618 1155 704 loquor,
1179 644 1238 709 pu·

155 721 327 787 simoniae.
369 720 455 787 Nam
471 718 546 800 illa,
569 720 746 805 dequibus
765 731 844 784 ante
862 720 949 799 dixi,
972 718 1057 785 huic
1075 723 1236 791 acutota

155 822 277 908 giemla
305 834 398 900 sunt,
440 819 534 908 paria
554 823 691 908 paribus
713 824 820 889 relata
844 834 876 886 ct
901 821 1061 887 similiter·
1092 826 1235 891 conclnta

155 925 340 1009 codemque
361 934 459 1009 pacto
481 923 650 998 cadentia,
686 935 721 987 et
741 924 975 989 immutatione
1000 924 1137 991 literae
1161 928 1235 1015 quati

156 1027 324 1111 quaesitae
344 1037 550 1103 venustates,
581 1049 625 1090 ne
649 1026 816 1092 elaborata
843 1026 1054 1093 concinnitas
1082 1039 1123 1094 et
1147 1032 1234 1117 quotl-

155 1129 234 1193 ‹lam
260 1130 444 1213 aucupium
464 1128 691 1194 delectationis
708 1129 884 1194 manifesto
904 1129 1174 1217 deprehensum
1191 1156 1233 1221 aq·

53 1294 58 1309 ,
100 1241 133 1299 85
154 1243 281 1323 pareat.
317 1231 470 1316 Itemque
484 1231 511 1295 si
526 1253 612 1317 quae
635 1231 819 1297 verlrorum
835 1231 1030 1298 iterationes
1056 1236 1232 1302 contentio

153 1363 231 1405 nem
254 1338 399 1425 aliquam
416 1346 449 1399 et
461 1334 644 1398 clamorem
663 1334 855 1419 requirent,
881 1343 982 1399 erunt
1000 1334 1046 1399 ab
1068 1339 1142 1405 hac
1159 1362 1232 1405 sun·

59 1456 62 1463 '
152 1442 311 1507 missione
336 1438 497 1503 orationis
519 1437 666 1501 alienaet
695 1434 813 1499 ceteris
829 1435 1020 1523 promiscue
1039 1442 1182 1527 poterit
1191 1441 1230 1522 nti,

154 1542 440 1611 continuationem
458 1537 642 1606 verborum
660 1538 760 1602 modo
783 1538 916 1603 relaxet
932 1549 964 1601 et
985 1538 1154 1623 dividat,
1175 1555 1230 1610 utt-

153 1659 274 1730 turqua
300 1642 412 1710 verbis
439 1662 539 1729 quam
564 1639 802 1719 usitatissimis,
835 1640 1129 1709 translationibus
1150 1667 1229 1733 quate

152 1748 372 1814 mollissimis:
388 1744 487 1810 etiam
504 1744 561 1808 illa
574 1740 815 1806 sententiarum
829 1740 959 1806 lumina
971 1758 1152 1825 assumat,
1166 1770 1227 1833 qtnt

153 1872 222 1916 non
244 1860 346 1914 erunt
359 1849 575 1912 vehementer
593 1845 742 1909 illustria.
784 1843 860 1910 Non
872 1842 972 1908 faciet
985 1851 1225 1938 rempublicam

151 1952 362 2041 loquentem,
393 1971 456 2015 nec
473 1947 516 2013 ab
538 1945 656 2013 inferis
670 1958 820 2014 mortuos
843 1946 1019 2028 excitabit,
1062 1975 1137 2020 nec
1154 1976 1224 2023 acet·

160 2128 359 2151 ...n—nh*

188 2256 336 2314 apparatu,
363 2262 381 2294 a
399 2236 530 2313 magnifi]
560 2253 706 2311 apparatu,
725 2241 825 2312 aliquis
842 2243 991 2319 amagnif.
1003 2242 1124 2306 Alam.
1139 2264 1219 2301 -on
1256 2232 1259 2239 Ι

151 2331 170 2367 a
182 2324 248 2368 ante
261 2312 374 2380 magnif.
389 2315 444 2367 vtt.
456 2314 508 2366 Dr.
524 2316 593 2367 ven.
609 2312 633 2367 l.
653 2310 731 2365 Med.

221 2386 305 2434 vitleri
319 2380 401 2443 volet]
426 2383 478 2434 int.
494 2381 608 2449 aliquit,
627 2390 659 2432 nt
674 2382 708 2433 ds
725 2382 804 2436 Orat.
821 2386 844 2449 l,
859 2386 884 2441 8.
902 2385 983 2450 velit3
1007 2386 1056 2451 Π,
1072 2391 1124 2445 20.
1139 2388 1218 2455 poerit,

151 2453 191 2516 II,
213 2453 255 2508 41.
284 2452 356 2506 velt't.
389 2451 433 2503 Ci.
464 2451 594 2503 Ochsner
616 2450 651 2502 ad
675 2452 763 2507 Cicer.
782 2454 905 2523 Eclogae
929 2472 956 2522 p.
981 2455 1049 2512 142.
1078 2454 1218 2526 spatae

151 2522 268 2592 Quinct.
283 2523 319 2588 li,
338 2522 378 2577 16.
396 2524 436 2576 12.
454 2525 527 2582 etv,
541 2522 583 2585 11,
594 2521 638 2575 21.
650 2545 685 2561 -
697 2524 781 2573 vitlert'
797 2523 862 2575 tolet
876 2528 945 2579 Ven.
959 2527 987 2581 2.
1002 2524 1048 2579 ef.
1064 2527 1095 2597 s.
1109 2527 1176 2585 282.

185 2592 286 2660 eliget]
306 2590 434 2659 eligetque
447 2591 478 2643 L.

202 2675 245 2731 84.
261 2676 471 2745 pleraqueapta]
483 2673 1044 2747 steatmtambeuetegendnm,eun,
1061 2680 1219 2751 quamriet't

148 2747 295 2798 mutilatus
303 2745 438 2809 initoque,
446 2753 570 2812 apparet.
587 2744 633 2797 Sic
641 2746 834 2799 enimexhlbet
842 2749 941 2801 verba:
960 2754 1220 2816 uneenimptemu

148 2816 228 2864 liuius
245 2816 329 2880 ipsius
348 2817 460 2864 oratoris
475 2818 507 2863 tle
526 2814 620 2882 quibus
639 2828 701 2866 ante
719 2818 779 2867 dixi
795 2827 847 2872 etc.
869 2819 923 2871 Res
947 2812 1038 2870 undet
1051 2820 1080 2889 §.
1091 2825 1142 2878 85.
1159 2822 1220 2891 „Eri

148 2886 217 2933 enirn
235 2895 264 2932 nt
278 2902 339 2932 voce
354 2882 393 2931 sic
406 2885 524 2934 oratione
534 2886 613 2933 etiam
634 2888 802 2953 suppression
837 2887 888 2938 set
905 2837 1036 2955 piiraque
1050 2909 1089 2940 ex
1107 2893 1220 2946 illiceat·

147 2955 250 3002 venient
265 2954 344 3002 etiam
357 2952 419 3001 ituic
435 2954 576 3003 tenuitati:
594 2970 742 3021 quanquam
760 2955 853 3006 iisdem
865 2958 1027 3007 ornamentis
1040 2971 1145 3013 utetur
1158 2960 1221 3013 iani

147 3021 238 3071 diaeo
249 3048 285 3061 -
295 3037 345 3071 non
362 3032 420 3069 eunt
432 3023 498 3070 enim
509 3042 638 3090 peraeque
648 3035 713 3088 apta
723 3022 788 3076 Sch.
796 3027 822 3078 2,
839 3037 900 3074 sant
916 3029 983 3076 enim
994 3024 1156 3099 pleraeque
1164 3042 1221 3101 aptet

148 3087 250 3141 Ceteri.
274 3102 335 3153 sunt
350 3091 417 3140 enim
427 3110 556 3156 peraeque
570 3102 636 3159 apta
652 3092 702 3144 Or.
716 3120 752 3132 -
770 3093 897 3167 Pleraque
910 3095 961 3147 int.
977 3108 1175 3159 orntmentn,

180 3158 278 3226 acuto]
296 3170 373 3210 acute
384 3164 454 3212 Van.
469 3167 493 3217 1.
512 3160 589 3213 Med.

182 3231 320 3296 eodemque
330 3228 425 3296 pacto]
444 3234 530 3278 eadem
540 3240 671 3296 pactoque
682 3231 734 3285 Dr.

181 3302 259 3368 quasi
273 3297 425 3364 quaesitae]
448 3314 503 3350 om.
519 3299 550 3351 L.
559 3301 645 3363 quasi.
666 3300 730 3356 Scir.
744 3307 928 3368 transponere
937 3301 999 3353 vult
1010 3314 1089 3359 ante
1105 3312 1222 3378 qimaiu

147 3369 296 3436 aucupium.
314 3364 368 3422 Jul.
381 3365 481 3420 Victor
491 3384 519 3436 p.
531 3370 590 3421 107.
600 3387 712 3434 -,‚non
725 3383 867 3439 sequantur
875 3371 938 3422 illae
950 3371 1150 3447 (sententiae)
1165 3384 1220 3431 sint·

145 3437 210 3490 liter
227 3435 353 3535 conclu‘ea
368 3446 394 3486 et
409 3439 491 3504 paria
504 3439 615 3505 paribus
631 3440 738 3490 reddita
760 3451 785 3491 et
805 3452 891 3492 cetera
914 3459 982 3510 quae
1000 3456 1072 3496 sunt
1097 3444 1220 3519 qt'eaeeitet

144 3506 310 3559 venustatis!

177 3596 210 3625 ne
226 3575 312 3637 etate]
330 3591 378 3623 nec
392 3572 445 3625 Dt'.

180 3644 330 3713 quotltlam]
350 3645 463 3712 quatiam
475 3640 552 3695 Med.

177 3711 339 3780 manifesto]
358 3711 498 3780 manifeste
512 3716 582 3764 Ven.
598 3711 623 3764 1.
641 3711 720 3764 Med.
733 3713 765 3766 L.

214 3806 257 3865 85.
293 3806 537 3872 continuationem]
556 3808 751 3857 continuatione
764 3805 845 3860 Altid.
859 3809 902 3860 Ju.
920 3808 967 3861 Cr.
978 3807 1061 3866 vict.
1078 3814 1169 3871 Man,

177 3874 298 3942 relaxet]
318 3874 446 3924 relaxaret
460 3877 515 3927 vit.
534 3874 646 3942 reittpset
664 3877 744 3928 Mon.

176 3943 327 4010 utaturque]
347 3943 506 3998 tat.vict,t.
515 3944 533 3993 l.
546 3973 573 3982 -
585 3956 698 4011 „utatur
710 3958 797 3997 autem
806 3946 890 3997 verbis
903 3965 980 4015 quarn
995 3950 1134 4021 usitatis,
1146 3966 1217 4008 trane

142 4009 288 4064 lotionibus
303 4028 379 4078 tqttam
392 4013 583 4072 moilt'asimitf‘

177 4079 315 4147 assumat]
335 4092 448 4129 assumet
463 4082 493 4134 L.
511 4079 575 4135 sch.
589 4080 641 4133 Or.

176 4168 228 4200 non
243 4148 347 4217 litaret]
362 4149 507 4216 necsitct'et
521 4151 575 4205 Jttl.
594 4150 665 4207 Vici·
679 4149 699 4205 l.
717 4149 738 4206 Ῑ.

176 4216 323 4287 excitabit]
341 4220 481 4269 suscitabit
496 4220 579 4274 Mon.
