2692 5018
159 277 201 338 6⁰
588 265 811 333 ORATOR

159 422 233 506 nis,
252 432 363 488 totum
383 420 635 507 diligentissime
654 418 839 506 cognovisti
860 441 970 509 nsque
993 440 1082 487 enm
1112 418 1242 489 dimittis

161 549 181 591 c
196 524 368 601 manibus,
391 536 425 588 et
441 536 555 590 tamen
568 534 682 589 nostra
695 524 796 588 etiam
811 523 957 602 lectitas,
980 521 1085 589 vides
1098 522 1241 611 professo

158 632 256 698 illum
282 629 388 694 multe
410 626 589 713 perficere,
622 648 684 690 nos
707 626 817 691 multa
839 625 975 691 conari:
1012 624 1126 691 illum
1147 646 1240 710 pons,

159 756 220 801 noa
235 731 341 811 vella,
364 750 577 815 quocumque
593 728 694 792 modo
711 751 809 794 causa
824 728 982 812 postulet,
1005 726 1145 794 dicere.
1190 727 1240 796 Sel

159 835 219 901 illa
241 852 400 919 magnus:
422 840 551 895 namet
572 831 730 898 suecessit
755 831 828 920 ipse
853 827 984 916 magnis
1018 840 1059 894 et
1082 828 1240 895 maximos

161 947 309 1003 oratores
333 932 451 998 habuit
475 931 639 1018 aequales.
695 936 763 1003 Nos
794 951 956 1018 magnum
981 928 1240 1009 fecissemus,si

160 1037 294 1125 quidem
311 1035 551 1122 potuissemus,
573 1056 640 1121 quo
661 1036 915 1115 contendimus,
941 1035 1143 1122 pervenire
1164 1034 1199 1099 in
1212 1055 1238 1098 es

160 1142 264 1222 urbe,
300 1140 338 1205 in
359 1159 426 1223 qua
444 1139 496 1222 (ut
514 1134 561 1200 ait
580 1136 767 1219 Antonius)
798 1137 932 1202 auditus
954 1136 1133 1222 eloquens
1157 1158 1236 1203 neno

100 1267 153 1326 106
162 1256 242 1311 erat.
293 1240 398 1325 Atqui
420 1239 447 1302 si
476 1237 624 1304 Antonio
644 1239 784 1307 Crassus
803 1242 965 1328 eloquens
985 1240 1087 1305 visus
1112 1262 1186 1305 non
1206 1248 1237 1302 sd

161 1356 222 1439 aut
239 1343 302 1409 sibi
316 1342 404 1430 ipse.
426 1359 603 1422 nunquam
618 1340 716 1406 Cotta
733 1341 823 1407 visus
838 1354 940 1423 asset,
962 1364 1162 1427 nunquam
1180 1340 1236 1407 Sul·

161 1446 287 1538 picius,
319 1461 494 1525 nunquam
516 1440 723 1513 Hortensius.
766 1443 858 1509 Nihil
879 1441 971 1507 enim
996 1445 1128 1532 ample
1151 1444 1236 1521 Colle

162 1549 246 1615 nihil
271 1544 391 1613 leniter
411 1541 597 1628 Sulpicius,
635 1565 704 1607 non
726 1544 1002 1633 mullag1·aviter
1033 1546 1236 1612 Hortensius

164 1647 363 1735 Superiores
384 1643 489 1727 magis
503 1642 545 1712 ad
569 1667 670 1712 omne
690 1666 796 1732 genus
813 1647 902 1735 apti,
931 1645 1107 1715 Crassum
1129 1649 1236 1713 dicos
1272 1678 1275 1683 ·

164 1749 362 1821 Antonium.
405 1744 537 1812 Ieiunas
551 1744 653 1828 igitur
674 1746 776 1813 huius
792 1749 988 1838 multiplicis
1009 1761 1051 1814 et
1065 1750 1236 1839 aequabili

165 1864 217 1919 ter
230 1851 267 1917 in
288 1848 402 1916 omnia
420 1868 546 1935 genera
568 1846 665 1915 fusae
688 1850 848 1919 orationis
870 1874 969 1919 sures
986 1851 1149 1920 civitatis
1166 1872 1236 1919 aeuo

166 2031 376 2051 ——n—

468 2119 477 2145 Ι

166 2180 262 2226 onmes,
280 2159 325 2212 vir
336 2159 422 2228 longe
436 2157 681 2230 eloquentissimus
696 2160 1081 2215 Graccieel“-Lsmmsns
1094 2162 1235 2218 Dr.an

167 2233 347 2299 —priamsns
364 2228 432 2281 Ven.
454 2231 480 2283 2.
504 2229 569 2285 Tul.
590 2259 626 2271 -
649 2233 705 2282 sius
723 2231 917 2282 studiosissimo
940 2230 1085 2299 palmam,
1122 2252 1185 2285 eum
1202 2250 1234 2283 ess

166 2302 297 2367 Athenis,
322 2300 497 2364 attribueres,
519 2310 605 2352 totum
626 2300 687 2354 Vel.
708 2329 742 2341 -
762 2311 892 2351 oratorem
911 2318 970 2351 eum
998 2303 1029 2351 ei
1054 2302 1233 2355 studiosius·

166 2370 284 2442 palmam
297 2385 356 2418 eum
371 2386 440 2418 esses
454 2367 565 2418 Misenis
579 2371 740 2421 attribueres
752 2366 836 2419 tolum
852 2367 930 2420 Med.

202 2457 283 2507 nsque
297 2433 371 2506 sum]
395 2454 476 2505 nsque
497 2439 565 2489 enim
583 2438 654 2496 Ven.
672 2442 697 2495 1.
709 2441 736 2496 2.
761 2435 839 2491 Med.
859 2437 925 2492 Tul.
942 2457 990 2492 nse
1012 2457 1077 2491 essm
1098 2438 1231 2493 &mittin

169 2508 292 2561 manibus
304 2505 360 2557 Gu.
373 2504 399 2558 8.

201 2587 294 2628 nostra
306 2576 407 2635 stiam]
425 2573 507 2623 esiam
522 2585 613 2625 nostru
623 2574 676 2631 Dr.

201 2644 295 2763 modo)
316 2660 372 2694 om.
386 2642 442 2695 vit.

202 2715 255 2765 ssd
266 2715 277 2763 i
289 2712 313 2762 le
349 2729 412 2760 nam
423 2709 470 2761 ille
481 2714 544 2763 Vos.
562 2710 619 2767 Gu.
635 2711 662 2767 8.

202 2780 275 2850 ipss]
295 2780 317 2831 il
329 2799 342 2827 e
355 2779 419 2831 Tul.
437 2778 492 2830 Gu·
504 2777 530 2832 3.

204 2870 252 2900 nos
262 2865 384 2916 magnum
394 2843 574 2915 fecissemus]
592 2846 643 2898 isos·
659 2866 710 2901 non
723 2851 808 2902 minus
821 2864 946 2920 magnum
956 2847 988 2921 f.
1003 2855 1073 2909 Vet.
1095 2854 1157 2909 Est
1169 2860 1233 2910 sul·

168 2919 200 2973 in
219 2918 347 2986 margins
358 2915 460 2968 Reizii:
479 2921 571 2985 magni
581 2919 738 2990 fuissemus.
759 2937 845 2990 quam
859 2937 918 2972 non
934 2921 1055 2974 omnino
1076 2926 1234 2995 proboso

168 2990 322 3050 iacturam,
346 2985 398 3036 atsi
420 2987 604 3039 verecundius
617 2986 648 3038 id
668 2987 742 3042 dico.
765 3006 831 3041 nam
850 2989 975 3058 primum
990 2992 1146 3048 Horatius
1165 2994 1235 3049 eod!

167 3056 273 3122 modo,
298 3071 353 3124 quo
372 3054 490 3120 Cicero,
515 3056 627 3109 locutus
647 3065 689 3108 est
708 3057 738 3109 in
757 3058 845 3113 Serm.
861 3060 884 3126 Ι,
901 3063 941 3125 10,
955 3063 1000 3115 20.
1033 3096 1053 3129 „
1064 3064 1110 3114 At
1127 3074 1235 3135 megan

166 3127 255 3192 fecit,
273 3124 350 3194 qnod
365 3123 456 3176 verbis
473 3124 582 3178 Graece
592 3125 702 3178 Latinis
716 3126 861 3181 miscuis.⁴‘
894 3129 1008 3182 Deinde
1020 3146 1153 3199 vereor,
1169 3124 1236 3201 παῤ

169 3197 284 3249 dixisset
302 3194 401 3245 Cicero
420 3196 513 3261 magni
522 3196 691 3262 jisisssmus5
706 3196 792 3247 nimis
811 3206 975 3265 arroganter
987 3207 1018 3250 et
1032 3202 1171 3269 superbe
1183 3194 1236 3270 loni

169 3266 319 3319 videretur.
346 3279 413 3314 nem
427 3278 561 3337 magnum
577 3264 710 3331 interest,
735 3275 832 3317 utrum
845 3265 947 3329 dixerit
964 3267 1095 3337 aliquis,
1125 3282 1236 3343 megan

169 3335 224 3389 feci
236 3350 272 3386 an
288 3347 407 3399 magnus
422 3329 473 3383 fui.
510 3333 596 3384 Pauci
608 3331 684 3385 enim
699 3333 734 3384 de
745 3350 775 3386 ss
793 3333 1024 3405 dicerepossunt,
1035 3342 1237 3411 magnisonum

170 3404 224 3458 etsi
237 3402 368 3454 nonnulli
383 3416 448 3452 vers
462 3399 578 3468 dicunt,
596 3418 731 3470 magnum
744 3403 874 3457 fecimus.

240 3473 299 3526 106.
334 3471 388 3521 sihi
405 3471 474 3537 ipss,
498 3473 651 3540 nunquam]
674 3473 726 3523 tibi
744 3473 800 3541 ipse
818 3477 879 3528 Vet.
900 3499 937 3515 -·
952 3474 1006 3527 ss'bs‘
1019 3474 1105 3548 ipse,
1126 3482 1238 3533 tibin·

170 3560 250 3613 quom
265 3539 321 3596 vit.
338 3537 417 3591 Med.
432 3537 497 3593 Tul.

209 3613 286 3662 Cosso·
303 3607 391 3674 visus]
416 3622 473 3661 om.
493 3614 570 3660 Cotta
590 3607 643 3661 Dr.
662 3608 731 3662 Ven.
750 3613 775 3663 1.
793 3639 827 3650 -
850 3621 944 3661 conisa
968 3610 1037 3665 Ven.
1063 3616 1097 3670 2.
1121 3646 1162 3659 -
1186 3618 1239 3670 cass
1264 3634 1267 3639 ·

172 3682 259 3731 iussus
271 3683 333 3732 Vct.
340 3677 381 3732 St.
389 3675 426 3727 cf·
441 3675 476 3727 da
491 3678 522 3731 C.
532 3678 645 3732 Aurelio
659 3676 741 3732 Cotta
755 3678 881 3733 Ellendt.
900 3679 967 3734 hist.
979 3679 1026 3734 El.
1035 3681 1078 3736 R.
1095 3682 1241 3755 μωρὰ

172 3748 232 3802 Ser.
245 3746 372 3815 Sulpicio
385 3744 462 3797 Rufo
477 3745 545 3817 ibid.
559 3763 587 3814 p.
604 3745 663 3802 103.

205 3815 276 3867 nihil
289 3814 375 3882 enim]
395 3833 528 3882 nunqnam
543 3815 631 3879 ample
645 3818 715 3873 Ven.
729 3820 755 3873 2.
770 3846 805 3859 -
820 3833 879 3871 om·
889 3820 958 3870 ωἰηι
971 3816 1056 3875 Med.
1072 3820 1150 3881 Tul.

207 3884 327 3952 ieiunas]
347 3883 440 3933 lenitas
452 3889 520 3939 ven.
534 3886 561 3939 2.
577 3884 642 3940 Tul.

208 3953 285 4004 huius
298 3950 470 4021 multiplicis]
490 3969 547 4006 oms
563 3954 643 4004 liuius
656 3955 712 4007 Gu.
726 3956 753 4009 8.

207 4034 232 4072 st
247 4020 437 4089 aequabiliter[
456 4038 511 4075 om.
530 4034 556 4073 st
569 4021 648 4076 Med.
660 4028 728 4080 Ven.
744 4027 769 4080 1.
781 4053 814 4065 -
829 4025 1016 4098 tiaequals‘m
1026 4030 1109 4085 von.
1124 4036 1158 4091 2,
1175 4030 1231 4087 Tul.

199 4090 288 4160 susas
304 4090 390 4154 oran]
409 4093 534 4142 orationis
538 4089 627 4161 fusae
640 4093 694 4147 Dr.

208 4176 286 4210 aures
301 4159 439 4224 civitatis]
457 4162 531 4210 curis
546 4162 592 4215 Gr.
601 4159 639 4215 cf.
650 4161 677 4232 §0
684 4161 727 4218 46·
741 4191 775 4204 -
786 4166 904 4218 ustiones
920 4167 949 4217 iss
961 4165 1000 4218 sis
1015 4167 1152 4225 civitam
1161 4182 1246 4227 nem

174 4232 237 4288 vat.
252 4227 294 4288 St.
306 4228 389 4281 sciris
403 4231 452 4283 civ.
467 4229 524 4286 Gn.
537 4229 563 4287 8.
602 4252 607 4263 ’
