<?xml version="1.0" encoding="UTF-8"?>
<!DOCTYPE html PUBLIC "-//W3C//DTD XHTML 1.0 Transitional//EN"
    "http://www.w3.org/TR/xhtml1/DTD/xhtml1-transitional.dtd">
<html xmlns="http://www.w3.org/1999/xhtml" xml:lang="en" lang="en">
 <head>
  <title>
</title>
<meta http-equiv="Content-Type" content="text/html;charset=utf-8" />
  <meta name='ocr-system' content='tesseract 3.04.00' />
  <meta name='ocr-capabilities' content='ocr_page ocr_carea ocr_par ocr_line ocrx_word'/>
</head>
<body>
  <div class='ocr_page' id='page_1' title='image "./mtulliiciceroni00cicegoog_0074.png"; bbox 0 0 2656 5018; ppageno 0'>
   <div class='ocr_carea' id='block_1_1' title="bbox 302 107 1150 181">
    <p class='ocr_par' dir='ltr' id='par_1_1' title="bbox 302 107 1150 181">
     <span class='ocr_line' id='line_1_1' title="bbox 302 107 1150 181; baseline 0.004 -3"><span class='ocrx_word' id='word_1_1' title='bbox 302 111 374 178; x_wconf 90' lang='lat' dir='ltr'><strong>AD</strong></span> <span class='ocrx_word' id='word_1_2' title='bbox 411 107 640 177; x_wconf 80' lang='lat' dir='ltr'>MARCUM</span> <span class='ocrx_word' id='word_1_3' title='bbox 674 107 909 178; x_wconf 83' lang='lat' dir='ltr'><strong>BRUTUM.</strong></span> <span class='ocrx_word' id='word_1_4' title='bbox 1107 120 1150 181; x_wconf 76' lang='lat'><strong>47</strong></span> 
     </span>
    </p>
   </div>
   <div class='ocr_carea' id='block_1_2' title="bbox 54 263 1211 1793">
    <p class='ocr_par' dir='ltr' id='par_1_2' title="bbox 54 263 1211 1793">
     <span class='ocr_line' id='line_1_2' title="bbox 63 263 1150 357; baseline -0.01 -14"><span class='ocrx_word' id='word_1_5' title='bbox 63 286 116 343; x_wconf 80' lang='lat' dir='ltr'><strong>eat</strong></span> <span class='ocrx_word' id='word_1_6' title='bbox 133 290 269 345; x_wconf 80' lang='lat' dir='ltr'><strong>corum,</strong></span> <span class='ocrx_word' id='word_1_7' title='bbox 292 288 480 357; x_wconf 81' lang='lat' dir='ltr'><strong>gemmare</strong></span> <span class='ocrx_word' id='word_1_8' title='bbox 497 263 600 351; x_wconf 75' lang='lat' dir='ltr'><strong>viter,</strong></span> <span class='ocrx_word' id='word_1_9' title='bbox 621 265 720 331; x_wconf 72' lang='lat' dir='ltr'><strong>sitire</strong></span> <span class='ocrx_word' id='word_1_10' title='bbox 736 286 860 354; x_wconf 76' lang='lat' dir='ltr'><strong>ogroa,</strong></span> <span class='ocrx_word' id='word_1_11' title='bbox 878 263 994 332; x_wconf 79' lang='lat' dir='ltr'><strong>laetae</strong></span> <span class='ocrx_word' id='word_1_12' title='bbox 1007 287 1077 332; x_wconf 78' lang='lat' dir='ltr'><strong>erae</strong></span> <span class='ocrx_word' id='word_1_13' title='bbox 1090 287 1150 332; x_wconf 73' lang='lat' dir='ltr'><strong>ce-</strong></span> 
     </span>
     <span class='ocr_line' id='line_1_3' title="bbox 62 367 1206 471; baseline -0.01 -22"><span class='ocrx_word' id='word_1_14' title='bbox 62 392 175 471; x_wconf 69' lang='lat' dir='ltr'><strong>geus,</strong></span> <span class='ocrx_word' id='word_1_15' title='bbox 204 367 599 458; x_wconf 74' lang='lat' dir='ltr'><strong>luxurioaasrumenta.</strong></span> <span class='ocrx_word' id='word_1_16' title='bbox 654 368 748 434; x_wconf 85' lang='lat' dir='ltr'><strong>Nihil</strong></span> <span class='ocrx_word' id='word_1_17' title='bbox 773 371 897 433; x_wconf 88' lang='lat' dir='ltr'><strong>borum</strong></span> <span class='ocrx_word' id='word_1_18' title='bbox 928 387 1051 456; x_wconf 83' lang='lat' dir='ltr'><strong>parum</strong></span> <span class='ocrx_word' id='word_1_19' title='bbox 1081 391 1148 434; x_wconf 89' lang='lat' dir='ltr'><strong>au·</strong></span> <span class='ocrx_word' id='word_1_20' title='bbox 1168 376 1206 437; x_wconf 77' lang='lat'><strong>82</strong></span> 
     </span>
     <span class='ocr_line' id='line_1_4' title="bbox 59 470 1150 562; baseline -0.013 -9"><span class='ocrx_word' id='word_1_21' title='bbox 59 488 190 562; x_wconf 86' lang='lat' dir='ltr'><strong>dacter,</strong></span> <span class='ocrx_word' id='word_1_22' title='bbox 217 475 280 543; x_wconf 81' lang='lat' dir='ltr'><strong>sed</strong></span> <span class='ocrx_word' id='word_1_23' title='bbox 305 482 367 537; x_wconf 86' lang='lat' dir='ltr'><strong>ant</strong></span> <span class='ocrx_word' id='word_1_24' title='bbox 395 471 506 536; x_wconf 76' lang='lat' dir='ltr'><strong>simile</strong></span> <span class='ocrx_word' id='word_1_25' title='bbox 530 482 578 537; x_wconf 80' lang='lat' dir='ltr'><strong>eat</strong></span> <span class='ocrx_word' id='word_1_26' title='bbox 603 471 655 539; x_wconf 91' lang='lat' dir='ltr'><strong>illi</strong></span> <span class='ocrx_word' id='word_1_27' title='bbox 676 472 766 536; x_wconf 88' lang='lat' dir='ltr'><strong>unde</strong></span> <span class='ocrx_word' id='word_1_28' title='bbox 789 470 988 552; x_wconf 72' lang='lat' dir='ltr'><strong>transferas,</strong></span> <span class='ocrx_word' id='word_1_29' title='bbox 1014 484 1092 546; x_wconf 83' lang='lat' dir='ltr'><strong>aut.</strong></span> <span class='ocrx_word' id='word_1_30' title='bbox 1120 471 1150 539; x_wconf 80' lang='lat' dir='ltr'><strong>ai</strong></span> 
     </span>
     <span class='ocr_line' id='line_1_5' title="bbox 56 573 1148 654; baseline -0.006 -7"><span class='ocrx_word' id='word_1_31' title='bbox 56 610 110 653; x_wconf 80' lang='lat' dir='ltr'><strong>res</strong></span> <span class='ocrx_word' id='word_1_32' title='bbox 131 600 239 648; x_wconf 84' lang='lat' dir='ltr'><strong>auum</strong></span> <span class='ocrx_word' id='word_1_33' title='bbox 256 576 393 642; x_wconf 89' lang='lat' dir='ltr'><strong>nullum</strong></span> <span class='ocrx_word' id='word_1_34' title='bbox 415 573 516 639; x_wconf 82' lang='lat' dir='ltr'><strong>babet</strong></span> <span class='ocrx_word' id='word_1_35' title='bbox 536 597 677 653; x_wconf 88' lang='lat' dir='ltr'><strong>nomen,</strong></span> <span class='ocrx_word' id='word_1_36' title='bbox 708 574 850 640; x_wconf 90' lang='lat' dir='ltr'><strong>docendi</strong></span> <span class='ocrx_word' id='word_1_37' title='bbox 870 595 969 638; x_wconf 81' lang='lat' dir='ltr'><strong>causa</strong></span> <span class='ocrx_word' id='word_1_38' title='bbox 983 586 1148 654; x_wconf 74' lang='lat' dir='ltr'><strong>sumtum,</strong></span> 
     </span>
     <span class='ocr_line' id='line_1_6' title="bbox 54 676 1148 766; baseline -0.012 -9"><span class='ocrx_word' id='word_1_39' title='bbox 54 710 125 757; x_wconf 87' lang='lat' dir='ltr'><strong>non</strong></span> <span class='ocrx_word' id='word_1_40' title='bbox 159 678 307 751; x_wconf 87' lang='lat' dir='ltr'><strong>ludendi</strong></span> <span class='ocrx_word' id='word_1_41' title='bbox 349 677 495 743; x_wconf 86' lang='lat' dir='ltr'><strong>videtur.</strong></span> <span class='ocrx_word' id='word_1_42' title='bbox 550 678 624 744; x_wconf 87' lang='lat' dir='ltr'><strong>Hoc</strong></span> <span class='ocrx_word' id='word_1_43' title='bbox 653 689 851 745; x_wconf 86' lang='lat' dir='ltr'><strong>ornamento</strong></span> <span class='ocrx_word' id='word_1_44' title='bbox 883 676 1025 744; x_wconf 78' lang='lat' dir='ltr'><strong>liberius</strong></span> <span class='ocrx_word' id='word_1_45' title='bbox 1043 678 1148 766; x_wconf 86' lang='lat' dir='ltr'><strong>paulo</strong></span> 
     </span>
     <span class='ocr_line' id='line_1_7' title="bbox 55 780 1149 880; baseline -0.009 -22"><span class='ocrx_word' id='word_1_46' title='bbox 55 801 166 880; x_wconf 79' lang='lat' dir='ltr'><strong>quant</strong></span> <span class='ocrx_word' id='word_1_47' title='bbox 188 783 308 853; x_wconf 82' lang='lat' dir='ltr'><strong>celeria</strong></span> <span class='ocrx_word' id='word_1_48' title='bbox 322 790 442 847; x_wconf 86' lang='lat' dir='ltr'><strong>utetur</strong></span> <span class='ocrx_word' id='word_1_49' title='bbox 459 780 513 846; x_wconf 91' lang='lat' dir='ltr'><strong>bio</strong></span> <span class='ocrx_word' id='word_1_50' title='bbox 526 781 740 847; x_wconf 77' lang='lat' dir='ltr'><strong>summissus:</strong></span> <span class='ocrx_word' id='word_1_51' title='bbox 762 803 826 846; x_wconf 87' lang='lat' dir='ltr'><strong>nco</strong></span> <span class='ocrx_word' id='word_1_52' title='bbox 843 791 912 845; x_wconf 87' lang='lat' dir='ltr'><strong>tam</strong></span> <span class='ocrx_word' id='word_1_53' title='bbox 931 781 1073 847; x_wconf 79' lang='lat' dir='ltr'><strong>licenter</strong></span> <span class='ocrx_word' id='word_1_54' title='bbox 1092 792 1149 848; x_wconf 85' lang='lat' dir='ltr'><strong>ta-</strong></span> 
     </span>
     <span class='ocr_line' id='line_1_8' title="bbox 57 881 1211 973; baseline -0.01 -11"><span class='ocrx_word' id='word_1_55' title='bbox 57 906 166 973; x_wconf 81' lang='lat' dir='ltr'><strong>men,</strong></span> <span class='ocrx_word' id='word_1_56' title='bbox 189 900 290 973; x_wconf 85' lang='lat' dir='ltr'><strong>quam</strong></span> <span class='ocrx_word' id='word_1_57' title='bbox 311 884 339 949; x_wconf 81' lang='lat' dir='ltr'><strong>ai</strong></span> <span class='ocrx_word' id='word_1_58' title='bbox 352 906 478 968; x_wconf 79' lang='lat' dir='ltr'><strong>genere</strong></span> <span class='ocrx_word' id='word_1_59' title='bbox 494 883 625 950; x_wconf 86' lang='lat' dir='ltr'><strong>dicendi</strong></span> <span class='ocrx_word' id='word_1_60' title='bbox 641 895 794 948; x_wconf 87' lang='lat' dir='ltr'><strong>uteretur</strong></span> <span class='ocrx_word' id='word_1_61' title='bbox 812 881 1031 971; x_wconf 79' lang='lat' dir='ltr'><strong>amplissimo.</strong></span> <span class='ocrx_word' id='word_1_62' title='bbox 1079 883 1147 949; x_wconf 89' lang='lat' dir='ltr'><strong>Ita·</strong></span> <span class='ocrx_word' id='word_1_63' title='bbox 1167 881 1211 950; x_wconf 82' lang='lat'><strong>25</strong></span> 
     </span>
     <span class='ocr_line' id='line_1_9' title="bbox 62 983 1148 1085; baseline -0.012 -24"><span class='ocrx_word' id='word_1_64' title='bbox 62 1012 135 1085; x_wconf 79' lang='lat' dir='ltr'><strong>que</strong></span> <span class='ocrx_word' id='word_1_65' title='bbox 147 990 233 1057; x_wconf 88' lang='lat' dir='ltr'><strong>illud</strong></span> <span class='ocrx_word' id='word_1_66' title='bbox 246 988 441 1054; x_wconf 87' lang='lat' dir='ltr'><strong>indecorum</strong></span> <span class='ocrx_word' id='word_1_67' title='bbox 462 986 564 1073; x_wconf 92' lang='lat' dir='ltr'><strong>(quod</strong></span> <span class='ocrx_word' id='word_1_68' title='bbox 581 986 681 1068; x_wconf 85' lang='lat' dir='ltr'><strong>quale</strong></span> <span class='ocrx_word' id='word_1_69' title='bbox 697 986 758 1066; x_wconf 78' lang='lat' dir='ltr'><strong>cit,</strong></span> <span class='ocrx_word' id='word_1_70' title='bbox 784 1008 827 1051; x_wconf 86' lang='lat' dir='ltr'><strong>ex</strong></span> <span class='ocrx_word' id='word_1_71' title='bbox 842 984 965 1050; x_wconf 89' lang='lat' dir='ltr'><strong>decoro</strong></span> <span class='ocrx_word' id='word_1_72' title='bbox 983 983 1082 1047; x_wconf 88' lang='lat' dir='ltr'><strong>debet</strong></span> <span class='ocrx_word' id='word_1_73' title='bbox 1097 984 1148 1048; x_wconf 89' lang='lat' dir='ltr'><strong>in-</strong></span> 
     </span>
     <span class='ocr_line' id='line_1_10' title="bbox 65 1085 1147 1181; baseline -0.014 -15"><span class='ocrx_word' id='word_1_74' title='bbox 65 1096 188 1181; x_wconf 81' lang='lat' dir='ltr'><strong>telligi)</strong></span> <span class='ocrx_word' id='word_1_75' title='bbox 208 1093 260 1158; x_wconf 89' lang='lat' dir='ltr'><strong>bio</strong></span> <span class='ocrx_word' id='word_1_76' title='bbox 278 1109 417 1175; x_wconf 85' lang='lat' dir='ltr'><strong>quoque</strong></span> <span class='ocrx_word' id='word_1_77' title='bbox 441 1098 597 1178; x_wconf 84' lang='lat' dir='ltr'><strong>apparet,</strong></span> <span class='ocrx_word' id='word_1_78' title='bbox 625 1110 704 1155; x_wconf 88' lang='lat' dir='ltr'><strong>cum</strong></span> <span class='ocrx_word' id='word_1_79' title='bbox 729 1088 871 1154; x_wconf 84' lang='lat' dir='ltr'><strong>verbum</strong></span> <span class='ocrx_word' id='word_1_80' title='bbox 893 1085 1026 1173; x_wconf 85' lang='lat' dir='ltr'>aliquod</span> <span class='ocrx_word' id='word_1_81' title='bbox 1048 1085 1147 1151; x_wconf 81' lang='lat' dir='ltr'><strong>altine</strong></span> 
     </span>
     <span class='ocr_line' id='line_1_11' title="bbox 68 1187 1146 1279; baseline -0.014 -12"><span class='ocrx_word' id='word_1_82' title='bbox 68 1198 289 1272; x_wconf 75' lang='lat' dir='ltr'><strong>transfertur,</strong></span> <span class='ocrx_word' id='word_1_83' title='bbox 331 1193 436 1278; x_wconf 86' lang='lat' dir='ltr'><strong>idque</strong></span> <span class='ocrx_word' id='word_1_84' title='bbox 459 1192 499 1256; x_wconf 86' lang='lat' dir='ltr'><strong>in</strong></span> <span class='ocrx_word' id='word_1_85' title='bbox 533 1192 684 1258; x_wconf 83' lang='lat' dir='ltr'><strong>oratione</strong></span> <span class='ocrx_word' id='word_1_86' title='bbox 717 1190 837 1258; x_wconf 90' lang='lat' dir='ltr'><strong>humili</strong></span> <span class='ocrx_word' id='word_1_87' title='bbox 866 1191 1021 1279; x_wconf 89' lang='lat' dir='ltr'><strong>ponitur,</strong></span> <span class='ocrx_word' id='word_1_88' title='bbox 1057 1187 1146 1274; x_wconf 91' lang='lat' dir='ltr'><strong>quod</strong></span> 
     </span>
     <span class='ocr_line' id='line_1_12' title="bbox 62 1295 1201 1377; baseline -0.007 -8"><span class='ocrx_word' id='word_1_89' title='bbox 62 1295 149 1369; x_wconf 85' lang='lat' dir='ltr'><strong>idem</strong></span> <span class='ocrx_word' id='word_1_90' title='bbox 175 1301 212 1366; x_wconf 91' lang='lat' dir='ltr'><strong>in</strong></span> <span class='ocrx_word' id='word_1_91' title='bbox 227 1297 299 1362; x_wconf 84' lang='lat' dir='ltr'><strong>alta</strong></span> <span class='ocrx_word' id='word_1_92' title='bbox 314 1297 460 1360; x_wconf 80' lang='lat' dir='ltr'><strong>deceret.</strong></span> <span class='ocrx_word' id='word_1_93' title='bbox 502 1296 597 1362; x_wconf 89' lang='lat' dir='ltr'><strong>lllam</strong></span> <span class='ocrx_word' id='word_1_94' title='bbox 612 1306 726 1361; x_wconf 89' lang='lat' dir='ltr'><strong>autem</strong></span> <span class='ocrx_word' id='word_1_95' title='bbox 749 1295 1036 1372; x_wconf 78' lang='lat' dir='ltr'><strong>concinnitatem,</strong></span> <span class='ocrx_word' id='word_1_96' title='bbox 1058 1312 1146 1377; x_wconf 83' lang='lat' dir='ltr'><strong>quae</strong></span> <span class='ocrx_word' id='word_1_97' title='bbox 1165 1300 1201 1361; x_wconf 77' lang='lat'><strong>83</strong></span> 
     </span>
     <span class='ocr_line' id='line_1_13' title="bbox 60 1396 1146 1483; baseline -0.006 -15"><span class='ocrx_word' id='word_1_98' title='bbox 60 1405 247 1470; x_wconf 73' lang='lat' dir='ltr'><strong>uerborum</strong></span> <span class='ocrx_word' id='word_1_99' title='bbox 274 1398 528 1464; x_wconf 75' lang='lat' dir='ltr'><strong>collocationem</strong></span> <span class='ocrx_word' id='word_1_100' title='bbox 558 1397 727 1463; x_wconf 87' lang='lat' dir='ltr'><strong>illuminat</strong></span> <span class='ocrx_word' id='word_1_101' title='bbox 749 1398 801 1463; x_wconf 85' lang='lat' dir='ltr'><strong>his</strong></span> <span class='ocrx_word' id='word_1_102' title='bbox 823 1396 1025 1477; x_wconf 84' lang='lat' dir='ltr'><strong>luminibus,</strong></span> <span class='ocrx_word' id='word_1_103' title='bbox 1060 1417 1146 1483; x_wconf 82' lang='lat' dir='ltr'><strong>quau</strong></span> 
     </span>
     <span class='ocr_line' id='line_1_14' title="bbox 59 1497 1145 1588; baseline -0.01 -14"><span class='ocrx_word' id='word_1_104' title='bbox 59 1505 179 1574; x_wconf 79' lang='lat' dir='ltr'><strong>Graeci</strong></span> <span class='ocrx_word' id='word_1_105' title='bbox 202 1501 301 1588; x_wconf 86' lang='lat' dir='ltr'><strong>quasi</strong></span> <span class='ocrx_word' id='word_1_106' title='bbox 326 1499 458 1585; x_wconf 74' lang='lat' dir='ltr'><strong>aliquos</strong></span> <span class='ocrx_word' id='word_1_107' title='bbox 480 1512 592 1584; x_wconf 80' lang='lat' dir='ltr'><strong>gestus</strong></span> <span class='ocrx_word' id='word_1_108' title='bbox 613 1500 774 1566; x_wconf 76' lang='lat' dir='ltr'><strong>orationis</strong></span> <span class='ocrx_word' id='word_1_109' title='bbox 797 1497 945 1587; x_wconf 82' lang='grc' dir='ltr'><strong><em>σχήματα</em></strong></span> <span class='ocrx_word' id='word_1_110' title='bbox 964 1499 1145 1587; x_wconf 87' lang='lat' dir='ltr'><strong>appellant,</strong></span> 
     </span>
     <span class='ocr_line' id='line_1_15' title="bbox 60 1602 1145 1697; baseline -0.006 -22"><span class='ocrx_word' id='word_1_111' title='bbox 60 1609 170 1697; x_wconf 89' lang='lat' dir='ltr'><strong>(quod</strong></span> <span class='ocrx_word' id='word_1_112' title='bbox 194 1605 284 1670; x_wconf 87' lang='lat' dir='ltr'><strong>idem</strong></span> <span class='ocrx_word' id='word_1_113' title='bbox 313 1602 461 1668; x_wconf 83' lang='lat' dir='ltr'><strong>verbum</strong></span> <span class='ocrx_word' id='word_1_114' title='bbox 484 1603 526 1668; x_wconf 82' lang='lat' dir='ltr'><strong>ab</strong></span> <span class='ocrx_word' id='word_1_115' title='bbox 550 1602 602 1668; x_wconf 83' lang='lat' dir='ltr'><strong>his</strong></span> <span class='ocrx_word' id='word_1_116' title='bbox 624 1603 725 1668; x_wconf 92' lang='lat' dir='ltr'><strong>etiam</strong></span> <span class='ocrx_word' id='word_1_117' title='bbox 753 1603 788 1667; x_wconf 93' lang='lat' dir='ltr'><strong>in</strong></span> <span class='ocrx_word' id='word_1_118' title='bbox 814 1603 1062 1669; x_wconf 79' lang='lat' dir='ltr'><strong>sententiarum</strong></span> <span class='ocrx_word' id='word_1_119' title='bbox 1084 1623 1145 1668; x_wconf 91' lang='lat' dir='ltr'><strong>or-</strong></span> 
     </span>
     <span class='ocr_line' id='line_1_16' title="bbox 61 1704 1144 1793; baseline -0.007 -15"><span class='ocrx_word' id='word_1_120' title='bbox 61 1719 223 1778; x_wconf 83' lang='lat' dir='ltr'><strong>namenta</strong></span> <span class='ocrx_word' id='word_1_121' title='bbox 236 1704 455 1787; x_wconf 78' lang='lat' dir='ltr'><strong>transfertur)</strong></span> <span class='ocrx_word' id='word_1_122' title='bbox 470 1705 607 1771; x_wconf 84' lang='lat' dir='ltr'><strong>adhibet</strong></span> <span class='ocrx_word' id='word_1_123' title='bbox 623 1707 762 1793; x_wconf 87' lang='lat' dir='ltr'><strong>quidem</strong></span> <span class='ocrx_word' id='word_1_124' title='bbox 782 1706 837 1772; x_wconf 89' lang='lat' dir='ltr'><strong>lric</strong></span> <span class='ocrx_word' id='word_1_125' title='bbox 852 1705 992 1781; x_wconf 79' lang='lat' dir='ltr'><strong>subtilis,</strong></span> <span class='ocrx_word' id='word_1_126' title='bbox 1013 1711 1144 1790; x_wconf 67' lang='lat' dir='ltr'><strong>(quem,</strong></span> 
     </span>
    </p>
   </div>
   <div class='ocr_carea' id='block_1_3' title="bbox 60 1808 1144 2003">
    <p class='ocr_par' dir='ltr' id='par_1_3' title="bbox 60 1808 1144 2003">
     <span class='ocr_line' id='line_1_17' title="bbox 62 1808 1144 1900; baseline -0.01 -18"><span class='ocrx_word' id='word_1_127' title='bbox 62 1814 126 1881; x_wconf 82' lang='lat' dir='ltr'><strong>nisi</strong></span> <span class='ocrx_word' id='word_1_128' title='bbox 152 1811 242 1900; x_wconf 92' lang='lat' dir='ltr'><strong>quod</strong></span> <span class='ocrx_word' id='word_1_129' title='bbox 263 1809 392 1887; x_wconf 82' lang='lat' dir='ltr'><strong>solum,</strong></span> <span class='ocrx_word' id='word_1_130' title='bbox 416 1819 529 1875; x_wconf 83' lang='lat' dir='ltr'><strong>cetera</strong></span> <span class='ocrx_word' id='word_1_131' title='bbox 554 1820 644 1876; x_wconf 85' lang='lat' dir='ltr'><strong>recte</strong></span> <span class='ocrx_word' id='word_1_132' title='bbox 665 1809 801 1898; x_wconf 90' lang='lat' dir='ltr'><strong>quidam</strong></span> <span class='ocrx_word' id='word_1_133' title='bbox 821 1808 1144 1890; x_wconf 69' lang='lat' dir='ltr'><strong>conuenturum.)</strong></span> 
     </span>
     <span class='ocr_line' id='line_1_18' title="bbox 60 1911 1142 2003; baseline -0.006 -21"><span class='ocrx_word' id='word_1_134' title='bbox 60 1918 115 1982; x_wconf 81' lang='lat' dir='ltr'><strong>sed</strong></span> <span class='ocrx_word' id='word_1_135' title='bbox 129 1916 233 2003; x_wconf 84' lang='lat' dir='ltr'><strong>paulo</strong></span> <span class='ocrx_word' id='word_1_136' title='bbox 255 1912 400 2001; x_wconf 76' lang='lat' dir='ltr'><strong>parcius.</strong></span> <span class='ocrx_word' id='word_1_137' title='bbox 443 1911 530 1979; x_wconf 85' lang='lat' dir='ltr'><strong>Num</strong></span> <span class='ocrx_word' id='word_1_138' title='bbox 550 1912 597 1978; x_wconf 82' lang='lat' dir='ltr'><strong>sic</strong></span> <span class='ocrx_word' id='word_1_139' title='bbox 617 1923 657 1978; x_wconf 92' lang='lat' dir='ltr'><strong>ut</strong></span> <span class='ocrx_word' id='word_1_140' title='bbox 680 1913 716 1979; x_wconf 90' lang='lat' dir='ltr'><strong>in</strong></span> <span class='ocrx_word' id='word_1_141' title='bbox 738 1911 916 2000; x_wconf 86' lang='lat' dir='ltr'><strong>epularum</strong></span> <span class='ocrx_word' id='word_1_142' title='bbox 939 1922 1142 2000; x_wconf 86' lang='lat' dir='ltr'><strong>apparatua</strong></span> 
     </span>
    </p>
   </div>
   <div class='ocr_carea' id='block_1_4' title="bbox 59 2060 272 2078">
    <p class='ocr_par' dir='ltr' id='par_1_4' title="bbox 59 2060 272 2078">
     <span class='ocr_line' id='line_1_19' title="bbox 59 2060 272 2078; baseline -0.009 -2"><span class='ocrx_word' id='word_1_143' title='bbox 59 2060 272 2078; x_wconf 57' lang='grc' dir='ltr'><strong>...ι-*ο*</strong></span> 
     </span>
    </p>
   </div>
   <div class='ocr_carea' id='block_1_5' title="bbox 10 2153 1142 4209">
    <p class='ocr_par' dir='ltr' id='par_1_5' title="bbox 10 2153 1142 4209">
     <span class='ocr_line' id='line_1_20' title="bbox 95 2153 612 2224; baseline 0 -17"><span class='ocrx_word' id='word_1_144' title='bbox 95 2157 240 2224; x_wconf 73' lang='lat' dir='ltr'><strong>Siquidem</strong></span> <span class='ocrx_word' id='word_1_145' title='bbox 252 2164 291 2203; x_wconf 81' lang='lat' dir='ltr'><strong>eat</strong></span> <span class='ocrx_word' id='word_1_146' title='bbox 305 2153 408 2220; x_wconf 71' lang='lat' dir='ltr'><strong>corun]</strong></span> <span class='ocrx_word' id='word_1_147' title='bbox 426 2169 483 2204; x_wconf 86' lang='lat' dir='ltr'><strong>om.</strong></span> <span class='ocrx_word' id='word_1_148' title='bbox 502 2164 542 2204; x_wconf 79' lang='lat' dir='ltr'><strong>ert</strong></span> <span class='ocrx_word' id='word_1_149' title='bbox 558 2155 612 2208; x_wconf 78' lang='lat' dir='ltr'><strong>Dr.</strong></span> 
     </span>
     <span class='ocr_line' id='line_1_21' title="bbox 93 2219 1142 2296; baseline -0.001 -22"><span class='ocrx_word' id='word_1_150' title='bbox 93 2232 238 2296; x_wconf 68' lang='lat' dir='ltr'><strong>gemmare</strong></span> <span class='ocrx_word' id='word_1_151' title='bbox 250 2222 329 2289; x_wconf 78' lang='lat' dir='ltr'><strong>viter]</strong></span> <span class='ocrx_word' id='word_1_152' title='bbox 350 2225 412 2272; x_wconf 80' lang='lat' dir='ltr'><strong>viria</strong></span> <span class='ocrx_word' id='word_1_153' title='bbox 430 2224 478 2276; x_wconf 90' lang='lat' dir='ltr'><strong>Cr.</strong></span> <span class='ocrx_word' id='word_1_154' title='bbox 499 2222 544 2276; x_wconf 85' lang='lat' dir='ltr'><strong>Cf.</strong></span> <span class='ocrx_word' id='word_1_155' title='bbox 560 2219 644 2276; x_wconf 72' lang='lat' dir='ltr'><strong>Ovtt.</strong></span> <span class='ocrx_word' id='word_1_156' title='bbox 658 2223 690 2277; x_wconf 75' lang='lat' dir='ltr'><strong>A.</strong></span> <span class='ocrx_word' id='word_1_157' title='bbox 702 2221 849 2289; x_wconf 74' lang='lat' dir='ltr'><strong>amnem,</strong></span> <span class='ocrx_word' id='word_1_158' title='bbox 867 2220 928 2276; x_wconf 84' lang='grc'><strong>186.</strong></span> <span class='ocrx_word' id='word_1_159' title='bbox 942 2249 975 2260; x_wconf 89' lang='grc'><strong>-</strong></span> <span class='ocrx_word' id='word_1_160' title='bbox 990 2239 1071 2289; x_wconf 85' lang='lat' dir='ltr'><strong>„eum</strong></span> <span class='ocrx_word' id='word_1_161' title='bbox 1084 2240 1142 2273; x_wconf 83' lang='lat' dir='ltr'><strong>uere</strong></span> 
     </span>
     <span class='ocr_line' id='line_1_22' title="bbox 58 2293 1123 2426; baseline -0.008 -78"><span class='ocrx_word' id='word_1_162' title='bbox 58 2296 169 2366; x_wconf 70' lang='lat' dir='ltr'><strong>tepenti</strong></span> <span class='ocrx_word' id='word_1_163' title='bbox 183 2293 259 2345; x_wconf 73' lang='lat' dir='ltr'><strong>Vitia</strong></span> <span class='ocrx_word' id='word_1_164' title='bbox 273 2294 331 2426; x_wconf 61' lang='lat' dir='ltr'><strong>apii</strong></span> <span class='ocrx_word' id='word_1_165' title='bbox 339 2295 486 2374; x_wconf 57' lang='lat' dir='ltr'><strong>5⁶⁸f⁸⁰⁸“⁸</strong></span> <span class='ocrx_word' id='word_1_166' title='bbox 937 2355 943 2370; x_wconf 36' lang='grc' dir='ltr'>ι</span> <span class='ocrx_word' id='word_1_167' title='bbox 1116 2361 1123 2372; x_wconf 34' lang='lat'><em>⁶</em></span> 
     </span>
     <span class='ocr_line' id='line_1_23' title="bbox 56 2357 1142 2499; baseline -0.01 -11"><span class='ocrx_word' id='word_1_168' title='bbox 56 2376 305 2488; x_wconf 53' lang='lat' dir='ltr'><strong>cfttsst‘tfttt..</strong></span> <span class='ocrx_word' id='word_1_169' title='bbox 316 2359 855 2499; x_wconf 56' lang='lat' dir='ltr'><strong>lt..lt².;.ll⁰.l;.,³¹ll;.³¹tg.⁰.t;lull:</strong></span> <span class='ocrx_word' id='word_1_170' title='bbox 868 2357 1142 2497; x_wconf 60' lang='lat' dir='ltr'><strong>ltttt‘ln&#39;tsstlt</strong></span> 
     </span>
     <span class='ocr_line' id='line_1_24' title="bbox 49 2495 1140 2574; baseline -0.005 -19"><span class='ocrx_word' id='word_1_171' title='bbox 49 2505 205 2574; x_wconf 71' lang='lat' dir='ltr'><strong>frumento.</strong></span> <span class='ocrx_word' id='word_1_172' title='bbox 227 2499 340 2568; x_wconf 85' lang='lat' dir='ltr'><strong>Quinct.</strong></span> <span class='ocrx_word' id='word_1_173' title='bbox 354 2505 424 2565; x_wconf 79' lang='lat' dir='ltr'><strong>vill,</strong></span> <span class='ocrx_word' id='word_1_174' title='bbox 434 2501 460 2564; x_wconf 85' lang='lat'><strong>6,</strong></span> <span class='ocrx_word' id='word_1_175' title='bbox 473 2502 499 2554; x_wconf 88' lang='grc'><strong>6.</strong></span> <span class='ocrx_word' id='word_1_176' title='bbox 533 2499 724 2564; x_wconf 80' lang='lat' dir='ltr'><strong>„Neceuitate</strong></span> <span class='ocrx_word' id='word_1_177' title='bbox 737 2499 835 2553; x_wconf 73' lang='lat' dir='ltr'><strong>rustici</strong></span> <span class='ocrx_word' id='word_1_178' title='bbox 847 2516 978 2568; x_wconf 76' lang='lat' dir='ltr'><strong>gemmam</strong></span> <span class='ocrx_word' id='word_1_179' title='bbox 992 2497 1021 2548; x_wconf 91' lang='lat' dir='ltr'><strong>in</strong></span> <span class='ocrx_word' id='word_1_180' title='bbox 1036 2495 1140 2549; x_wconf 69' lang='lat' dir='ltr'><strong>vitibus</strong></span> 
     </span>
     <span class='ocr_line' id='line_1_25' title="bbox 58 2566 1141 2644; baseline -0.008 -20"><span class='ocrx_word' id='word_1_181' title='bbox 58 2571 141 2644; x_wconf 81' lang='lat' dir='ltr'><strong>(qnid</strong></span> <span class='ocrx_word' id='word_1_182' title='bbox 161 2569 242 2621; x_wconf 79' lang='lat' dir='ltr'><strong>enim</strong></span> <span class='ocrx_word' id='word_1_183' title='bbox 261 2567 387 2620; x_wconf 71' lang='lat' dir='ltr'><strong>dicerent</strong></span> <span class='ocrx_word' id='word_1_184' title='bbox 402 2568 650 2636; x_wconf 57' lang='lat' dir='ltr'><strong>allucinatione</strong></span> <span class='ocrx_word' id='word_1_185' title='bbox 668 2581 768 2638; x_wconf 71' lang='lat' dir='ltr'><strong>segetes</strong></span> <span class='ocrx_word' id='word_1_186' title='bbox 782 2577 810 2621; x_wconf 81' lang='lat' dir='ltr'><strong>el</strong></span> <span class='ocrx_word' id='word_1_187' title='bbox 817 2567 930 2640; x_wconf 72' lang='lat' dir='ltr'><strong>fructur</strong></span> <span class='ocrx_word' id='word_1_188' title='bbox 942 2566 1092 2621; x_wconf 82' lang='lat' dir='ltr'><strong>laborare.“</strong></span> <span class='ocrx_word' id='word_1_189' title='bbox 1104 2593 1141 2608; x_wconf 89' lang='lat'>-</span> 
     </span>
     <span class='ocr_line' id='line_1_26' title="bbox 56 2635 1139 2707; baseline -0.006 -12"><span class='ocrx_word' id='word_1_190' title='bbox 56 2642 185 2694; x_wconf 67' lang='lat' dir='ltr'><strong>lualwire</strong></span> <span class='ocrx_word' id='word_1_191' title='bbox 201 2656 283 2705; x_wconf 75' lang='lat' dir='ltr'><strong>agro·</strong></span> <span class='ocrx_word' id='word_1_192' title='bbox 295 2639 347 2690; x_wconf 89' lang='lat' dir='ltr'><strong>Dr.</strong></span> <span class='ocrx_word' id='word_1_193' title='bbox 363 2638 417 2692; x_wconf 89' lang='lat' dir='ltr'><strong>Gu.</strong></span> <span class='ocrx_word' id='word_1_194' title='bbox 427 2639 476 2690; x_wconf 86' lang='lat' dir='ltr'><strong>alii</strong></span> <span class='ocrx_word' id='word_1_195' title='bbox 484 2655 530 2706; x_wconf 86' lang='lat' dir='ltr'><strong>ap.</strong></span> <span class='ocrx_word' id='word_1_196' title='bbox 543 2641 582 2692; x_wconf 84' lang='lat' dir='ltr'><strong>Le</strong></span> <span class='ocrx_word' id='word_1_197' title='bbox 592 2638 685 2707; x_wconf 84' lang='lat' dir='ltr'><strong>Clerq.</strong></span> <span class='ocrx_word' id='word_1_198' title='bbox 697 2640 764 2691; x_wconf 87' lang='lat' dir='ltr'><strong>Ven.</strong></span> <span class='ocrx_word' id='word_1_199' title='bbox 777 2642 802 2692; x_wconf 90' lang='lat'><strong>1.</strong></span> <span class='ocrx_word' id='word_1_200' title='bbox 820 2636 896 2690; x_wconf 87' lang='lat' dir='ltr'><strong>Med.</strong></span> <span class='ocrx_word' id='word_1_201' title='bbox 906 2636 971 2693; x_wconf 83' lang='lat' dir='ltr'><strong>Tul.</strong></span> <span class='ocrx_word' id='word_1_202' title='bbox 980 2635 1043 2690; x_wconf 77' lang='lat' dir='ltr'><strong>sch.</strong></span> <span class='ocrx_word' id='word_1_203' title='bbox 1051 2637 1076 2689; x_wconf 77' lang='lat'><strong>2.</strong></span> <span class='ocrx_word' id='word_1_204' title='bbox 1087 2636 1139 2690; x_wconf 87' lang='lat' dir='ltr'><strong>Or.</strong></span> 
     </span>
     <span class='ocr_line' id='line_1_27' title="bbox 127 2705 1139 2777; baseline 0.002 -20"><span class='ocrx_word' id='word_1_205' title='bbox 127 2710 174 2764; x_wconf 78' lang='lat'><strong>82.</strong></span> <span class='ocrx_word' id='word_1_206' title='bbox 207 2725 302 2777; x_wconf 82' lang='lat' dir='ltr'><strong>parurn</strong></span> <span class='ocrx_word' id='word_1_207' title='bbox 317 2709 466 2772; x_wconf 75' lang='lat' dir='ltr'><strong>audacter]</strong></span> <span class='ocrx_word' id='word_1_208' title='bbox 488 2721 595 2775; x_wconf 78' lang='lat' dir='ltr'><strong>parrum</strong></span> <span class='ocrx_word' id='word_1_209' title='bbox 606 2710 734 2760; x_wconf 77' lang='lat' dir='ltr'><strong>audacter</strong></span> <span class='ocrx_word' id='word_1_210' title='bbox 746 2707 809 2761; x_wconf 82' lang='lat' dir='ltr'><strong>Sch.</strong></span> <span class='ocrx_word' id='word_1_211' title='bbox 824 2708 904 2776; x_wconf 86' lang='lat' dir='ltr'><strong>prob.</strong></span> <span class='ocrx_word' id='word_1_212' title='bbox 922 2707 971 2758; x_wconf 84' lang='lat' dir='ltr'><strong>Or.</strong></span> <span class='ocrx_word' id='word_1_213' title='bbox 987 2735 1023 2745; x_wconf 91' lang='lat'>—</span> <span class='ocrx_word' id='word_1_214' title='bbox 1034 2705 1139 2759; x_wconf 71' lang='lat' dir='ltr'><strong>Sencua</strong></span> 
     </span>
     <span class='ocr_line' id='line_1_28' title="bbox 62 2775 1140 2845; baseline -0.002 -14"><span class='ocrx_word' id='word_1_215' title='bbox 62 2787 117 2831; x_wconf 75' lang='lat' dir='ltr'><strong>eat:</strong></span> <span class='ocrx_word' id='word_1_216' title='bbox 136 2775 336 2842; x_wconf 76' lang='lat' dir='ltr'><strong>haecomnia,</strong></span> <span class='ocrx_word' id='word_1_217' title='bbox 353 2785 387 2828; x_wconf 86' lang='lat' dir='ltr'><strong>ut</strong></span> <span class='ocrx_word' id='word_1_218' title='bbox 397 2781 532 2842; x_wconf 70' lang='lat' dir='ltr'><strong>pemntore</strong></span> <span class='ocrx_word' id='word_1_219' title='bbox 547 2781 628 2843; x_wconf 77' lang='lat' dir='ltr'><strong>viter,</strong></span> <span class='ocrx_word' id='word_1_220' title='bbox 652 2779 727 2828; x_wconf 72' lang='lat' dir='ltr'><strong>«itin</strong></span> <span class='ocrx_word' id='word_1_221' title='bbox 740 2796 820 2845; x_wconf 73' lang='lat' dir='ltr'><strong>ogroae</strong></span> <span class='ocrx_word' id='word_1_222' title='bbox 832 2785 885 2828; x_wconf 87' lang='lat' dir='ltr'><strong>etc.</strong></span> <span class='ocrx_word' id='word_1_223' title='bbox 903 2775 1036 2828; x_wconf 69' lang='lat' dir='ltr'><strong>audacius</strong></span> <span class='ocrx_word' id='word_1_224' title='bbox 1053 2792 1140 2844; x_wconf 83' lang='lat' dir='ltr'><strong>quam</strong></span> 
     </span>
     <span class='ocr_line' id='line_1_29' title="bbox 64 2843 1139 2914; baseline -0.002 -15"><span class='ocrx_word' id='word_1_225' title='bbox 64 2848 234 2899; x_wconf 69' lang='lat' dir='ltr'><strong>rusticorum</strong></span> <span class='ocrx_word' id='word_1_226' title='bbox 251 2862 346 2897; x_wconf 73' lang='lat' dir='ltr'><strong>sermo</strong></span> <span class='ocrx_word' id='word_1_227' title='bbox 365 2845 424 2914; x_wconf 85' lang='lat' dir='ltr'><strong>pati</strong></span> <span class='ocrx_word' id='word_1_228' title='bbox 445 2845 589 2912; x_wconf 86' lang='lat' dir='ltr'><strong>videatur,</strong></span> <span class='ocrx_word' id='word_1_229' title='bbox 614 2856 679 2898; x_wconf 78' lang='lat' dir='ltr'><strong>aunt</strong></span> <span class='ocrx_word' id='word_1_230' title='bbox 698 2846 850 2900; x_wconf 72' lang='lat' dir='ltr'><strong>translata:</strong></span> <span class='ocrx_word' id='word_1_231' title='bbox 875 2844 924 2897; x_wconf 81' lang='lat' dir='ltr'><strong>sed</strong></span> <span class='ocrx_word' id='word_1_232' title='bbox 944 2843 1071 2914; x_wconf 80' lang='lat' dir='ltr'><strong>quamvic</strong></span> <span class='ocrx_word' id='word_1_233' title='bbox 1089 2860 1139 2912; x_wconf 85' lang='lat' dir='ltr'><strong>per</strong></span> 
     </span>
     <span class='ocr_line' id='line_1_30' title="bbox 63 2910 1139 2982; baseline -0.002 -15"><span class='ocrx_word' id='word_1_234' title='bbox 63 2932 95 2967; x_wconf 72' lang='lat' dir='ltr'><strong>se</strong></span> <span class='ocrx_word' id='word_1_235' title='bbox 108 2914 290 2967; x_wconf 76' lang='lat' dir='ltr'><strong>andaeearint</strong></span> <span class='ocrx_word' id='word_1_236' title='bbox 304 2913 492 2982; x_wconf 78' lang='lat' dir='ltr'><strong>metaphorae,</strong></span> <span class='ocrx_word' id='word_1_237' title='bbox 510 2923 604 2968; x_wconf 84' lang='lat' dir='ltr'><strong>tamen</strong></span> <span class='ocrx_word' id='word_1_238' title='bbox 622 2933 655 2968; x_wconf 83' lang='lat' dir='ltr'><strong>eo</strong></span> <span class='ocrx_word' id='word_1_239' title='bbox 669 2923 836 2968; x_wconf 70' lang='lat' dir='ltr'><strong>exerceantur</strong></span> <span class='ocrx_word' id='word_1_240' title='bbox 850 2913 925 2981; x_wconf 84' lang='lat' dir='ltr'><strong>quod</strong></span> <span class='ocrx_word' id='word_1_241' title='bbox 939 2921 989 2967; x_wconf 85' lang='lat' dir='ltr'><strong>aut</strong></span> <span class='ocrx_word' id='word_1_242' title='bbox 1002 2910 1139 2967; x_wconf 75' lang='lat' dir='ltr'><strong>clmilitu-</strong></span> 
     </span>
     <span class='ocr_line' id='line_1_31' title="bbox 62 2984 951 3053; baseline 0 -15"><span class='ocrx_word' id='word_1_243' title='bbox 62 2985 162 3038; x_wconf 87' lang='lat' dir='ltr'><strong>dinem</strong></span> <span class='ocrx_word' id='word_1_244' title='bbox 174 2985 312 3053; x_wconf 84' lang='lat' dir='ltr'><strong>quandam</strong></span> <span class='ocrx_word' id='word_1_245' title='bbox 325 2984 472 3035; x_wconf 81' lang='lat' dir='ltr'><strong>continent</strong></span> <span class='ocrx_word' id='word_1_246' title='bbox 485 2993 534 3037; x_wconf 82' lang='lat' dir='ltr'><strong>aut</strong></span> <span class='ocrx_word' id='word_1_247' title='bbox 546 2985 660 3053; x_wconf 84' lang='lat' dir='ltr'><strong>inopiae</strong></span> <span class='ocrx_word' id='word_1_248' title='bbox 674 3001 759 3038; x_wconf 76' lang='lat' dir='ltr'><strong>cauca</strong></span> <span class='ocrx_word' id='word_1_249' title='bbox 771 2992 838 3038; x_wconf 85' lang='lat' dir='ltr'><strong>aunt</strong></span> <span class='ocrx_word' id='word_1_250' title='bbox 849 2990 951 3041; x_wconf 75' lang='lat' dir='ltr'><strong>cumte.</strong></span> 
     </span>
     <span class='ocr_line' id='line_1_32' title="bbox 94 3053 688 3121; baseline 0.007 -16"><span class='ocrx_word' id='word_1_251' title='bbox 94 3067 146 3105; x_wconf 74' lang='lat' dir='ltr'><strong>aut</strong></span> <span class='ocrx_word' id='word_1_252' title='bbox 159 3053 264 3121; x_wconf 69' lang='lat' dir='ltr'><strong>sinite]</strong></span> <span class='ocrx_word' id='word_1_253' title='bbox 280 3066 309 3102; x_wconf 81' lang='lat' dir='ltr'><strong>ut</strong></span> <span class='ocrx_word' id='word_1_254' title='bbox 323 3053 409 3104; x_wconf 68' lang='lat' dir='ltr'><strong>sinite</strong></span> <span class='ocrx_word' id='word_1_255' title='bbox 423 3056 474 3106; x_wconf 82' lang='lat' dir='ltr'><strong>Dr.</strong></span> <span class='ocrx_word' id='word_1_256' title='bbox 484 3056 553 3108; x_wconf 83' lang='lat' dir='ltr'><strong>Ven.</strong></span> <span class='ocrx_word' id='word_1_257' title='bbox 568 3055 593 3111; x_wconf 91' lang='lat'><strong>1.</strong></span> <span class='ocrx_word' id='word_1_258' title='bbox 610 3054 688 3109; x_wconf 85' lang='lat' dir='ltr'><strong>Med.</strong></span> 
     </span>
     <span class='ocr_line' id='line_1_33' title="bbox 91 3123 543 3189; baseline -0.009 -14"><span class='ocrx_word' id='word_1_259' title='bbox 91 3124 173 3175; x_wconf 65' lang='lat' dir='ltr'><strong>latet</strong></span> <span class='ocrx_word' id='word_1_260' title='bbox 185 3126 295 3189; x_wconf 81' lang='lat' dir='ltr'><strong>nomen]</strong></span> <span class='ocrx_word' id='word_1_261' title='bbox 313 3123 411 3172; x_wconf 60' lang='lat' dir='ltr'><strong>tabeat</strong></span> <span class='ocrx_word' id='word_1_262' title='bbox 421 3142 447 3175; x_wconf 81' lang='lat' dir='ltr'><strong>n.</strong></span> <span class='ocrx_word' id='word_1_263' title='bbox 461 3125 543 3177; x_wconf 82' lang='lat' dir='ltr'><strong>Mon.</strong></span> 
     </span>
     <span class='ocr_line' id='line_1_34' title="bbox 89 3188 948 3254; baseline -0.002 -9"><span class='ocrx_word' id='word_1_264' title='bbox 89 3204 183 3245; x_wconf 65' lang='lat' dir='ltr'><strong>uetur</strong></span> <span class='ocrx_word' id='word_1_265' title='bbox 201 3193 248 3242; x_wconf 75' lang='lat' dir='ltr'><strong>lic</strong></span> <span class='ocrx_word' id='word_1_266' title='bbox 260 3195 371 3254; x_wconf 63' lang='lat' dir='ltr'><strong>numm]</strong></span> <span class='ocrx_word' id='word_1_267' title='bbox 389 3192 434 3243; x_wconf 81' lang='lat' dir='ltr'><strong>lu&#39;c</strong></span> <span class='ocrx_word' id='word_1_268' title='bbox 448 3204 550 3247; x_wconf 80' lang='lat' dir='ltr'><strong>uteturt</strong></span> <span class='ocrx_word' id='word_1_269' title='bbox 567 3203 657 3243; x_wconf 81' lang='lat' dir='ltr'><strong>utetur</strong></span> <span class='ocrx_word' id='word_1_270' title='bbox 673 3192 825 3242; x_wconf 68' lang='lat' dir='ltr'><strong>cummianus</strong></span> <span class='ocrx_word' id='word_1_271' title='bbox 835 3188 908 3252; x_wconf 68' lang='lat' dir='ltr'><strong>Yon.</strong></span> <span class='ocrx_word' id='word_1_272' title='bbox 922 3188 948 3243; x_wconf 81' lang='lat'><strong>1.</strong></span> 
     </span>
     <span class='ocr_line' id='line_1_35' title="bbox 89 3254 705 3330; baseline 0.002 -17"><span class='ocrx_word' id='word_1_273' title='bbox 89 3263 198 3313; x_wconf 79' lang='lat' dir='ltr'><strong>uerbum</strong></span> <span class='ocrx_word' id='word_1_274' title='bbox 210 3260 340 3329; x_wconf 78' lang='lat' dir='ltr'><strong>aliquod]</strong></span> <span class='ocrx_word' id='word_1_275' title='bbox 358 3263 490 3312; x_wconf 83' lang='lat' dir='ltr'><strong>verborum</strong></span> <span class='ocrx_word' id='word_1_276' title='bbox 503 3262 612 3330; x_wconf 80' lang='lat' dir='ltr'><strong>aliquod</strong></span> <span class='ocrx_word' id='word_1_277' title='bbox 624 3254 705 3314; x_wconf 81' lang='lat' dir='ltr'><strong>Mon.</strong></span> 
     </span>
     <span class='ocr_line' id='line_1_36' title="bbox 126 3324 1068 3400; baseline 0 -20"><span class='ocrx_word' id='word_1_278' title='bbox 126 3331 199 3398; x_wconf 74' lang='lat' dir='ltr'><strong>Cup,</strong></span> <span class='ocrx_word' id='word_1_279' title='bbox 218 3331 263 3386; x_wconf 79' lang='grc'><strong>26.</strong></span> <span class='ocrx_word' id='word_1_280' title='bbox 297 3332 325 3380; x_wconf 83' lang='lat' dir='ltr'><strong>in</strong></span> <span class='ocrx_word' id='word_1_281' title='bbox 337 3330 415 3396; x_wconf 76' lang='lat' dir='ltr'><strong>alta]</strong></span> <span class='ocrx_word' id='word_1_282' title='bbox 434 3332 511 3383; x_wconf 77' lang='lat' dir='ltr'><strong>Mun.</strong></span> <span class='ocrx_word' id='word_1_283' title='bbox 528 3326 593 3385; x_wconf 84' lang='lat' dir='ltr'><strong>Sclr.</strong></span> <span class='ocrx_word' id='word_1_284' title='bbox 608 3335 631 3386; x_wconf 91' lang='lat'><strong>1.</strong></span> <span class='ocrx_word' id='word_1_285' title='bbox 650 3329 731 3400; x_wconf 85' lang='lat' dir='ltr'><strong>prob.</strong></span> <span class='ocrx_word' id='word_1_286' title='bbox 743 3333 789 3382; x_wconf 89' lang='lat' dir='ltr'><strong>Or.</strong></span> <span class='ocrx_word' id='word_1_287' title='bbox 802 3358 836 3369; x_wconf 95' lang='lat'><em>-</em></span> <span class='ocrx_word' id='word_1_288' title='bbox 851 3329 879 3379; x_wconf 84' lang='lat' dir='ltr'><strong>in</strong></span> <span class='ocrx_word' id='word_1_289' title='bbox 895 3326 953 3378; x_wconf 78' lang='lat' dir='ltr'><strong>alta</strong></span> <span class='ocrx_word' id='word_1_290' title='bbox 966 3324 1068 3380; x_wconf 76' lang='lat' dir='ltr'><strong>ceter&#39;u</strong></span> 
     </span>
     <span class='ocr_line' id='line_1_37' title="bbox 125 3398 1034 3468; baseline 0.004 -20"><span class='ocrx_word' id='word_1_291' title='bbox 125 3400 174 3454; x_wconf 82' lang='grc'><strong>83.</strong></span> <span class='ocrx_word' id='word_1_292' title='bbox 208 3402 246 3449; x_wconf 70' lang='lat' dir='ltr'><strong>iic</strong></span> <span class='ocrx_word' id='word_1_293' title='bbox 260 3398 423 3464; x_wconf 73' lang='lat' dir='ltr'><strong>luminibus]</strong></span> <span class='ocrx_word' id='word_1_294' title='bbox 442 3399 488 3452; x_wconf 79' lang='lat' dir='ltr'><strong>St&#39;e</strong></span> <span class='ocrx_word' id='word_1_295' title='bbox 503 3401 581 3453; x_wconf 81' lang='lat' dir='ltr'><strong>Man.</strong></span> <span class='ocrx_word' id='word_1_296' title='bbox 594 3429 630 3440; x_wconf 94' lang='lat'><strong>—-</strong></span> <span class='ocrx_word' id='word_1_297' title='bbox 640 3401 682 3449; x_wconf 76' lang='lat' dir='ltr'><strong>hir</strong></span> <span class='ocrx_word' id='word_1_298' title='bbox 697 3400 759 3454; x_wconf 84' lang='lat' dir='ltr'><strong>lum.</strong></span> <span class='ocrx_word' id='word_1_299' title='bbox 774 3399 877 3452; x_wconf 76' lang='lat' dir='ltr'><strong>Ceteri.</strong></span> <span class='ocrx_word' id='word_1_300' title='bbox 893 3414 956 3468; x_wconf 70' lang='lat' dir='ltr'><strong>sup.</strong></span> <span class='ocrx_word' id='word_1_301' title='bbox 970 3412 996 3450; x_wconf 76' lang='grc' dir='ltr'><strong>ο.</strong></span> <span class='ocrx_word' id='word_1_302' title='bbox 1008 3399 1034 3452; x_wconf 65' lang='lat'><strong>2·</strong></span> 
     </span>
     <span class='ocr_line' id='line_1_38' title="bbox 92 3467 1090 3538; baseline 0 -16"><span class='ocrx_word' id='word_1_303' title='bbox 92 3467 238 3538; x_wconf 80' lang='grc' dir='ltr'><strong><em>σχήματα]</em></strong></span> <span class='ocrx_word' id='word_1_304' title='bbox 256 3469 394 3518; x_wconf 68' lang='lat' dir='ltr'><strong>schemata</strong></span> <span class='ocrx_word' id='word_1_305' title='bbox 408 3468 467 3522; x_wconf 81' lang='lat' dir='ltr'><strong>vit.</strong></span> <span class='ocrx_word' id='word_1_306' title='bbox 479 3469 530 3522; x_wconf 80' lang='lat' dir='ltr'><strong>Dr.</strong></span> <span class='ocrx_word' id='word_1_307' title='bbox 545 3472 614 3524; x_wconf 84' lang='lat' dir='ltr'><strong>Ven.</strong></span> <span class='ocrx_word' id='word_1_308' title='bbox 631 3472 656 3523; x_wconf 84' lang='lat'><strong>1·</strong></span> <span class='ocrx_word' id='word_1_309' title='bbox 671 3472 698 3522; x_wconf 77' lang='grc'><strong>2.</strong></span> <span class='ocrx_word' id='word_1_310' title='bbox 1086 3475 1090 3483; x_wconf 89' lang='grc'>’</span> 
     </span>
     <span class='ocr_line' id='line_1_39' title="bbox 93 3536 982 3606; baseline 0.003 -18"><span class='ocrx_word' id='word_1_311' title='bbox 93 3542 164 3606; x_wconf 81' lang='lat' dir='ltr'><strong>quod</strong></span> <span class='ocrx_word' id='word_1_312' title='bbox 178 3541 247 3588; x_wconf 68' lang='lat' dir='ltr'><strong>trum</strong></span> <span class='ocrx_word' id='word_1_313' title='bbox 263 3538 384 3602; x_wconf 81' lang='lat' dir='ltr'><strong>verbum]</strong></span> <span class='ocrx_word' id='word_1_314' title='bbox 404 3541 473 3606; x_wconf 83' lang='lat' dir='ltr'><strong>quod</strong></span> <span class='ocrx_word' id='word_1_315' title='bbox 488 3541 548 3589; x_wconf 82' lang='lat' dir='ltr'><strong>inde</strong></span> <span class='ocrx_word' id='word_1_316' title='bbox 561 3559 585 3592; x_wconf 85' lang='lat' dir='ltr'><strong>v.</strong></span> <span class='ocrx_word' id='word_1_317' title='bbox 599 3539 651 3592; x_wconf 85' lang='lat' dir='ltr'><strong>Dr.</strong></span> <span class='ocrx_word' id='word_1_318' title='bbox 670 3541 739 3589; x_wconf 81' lang='lat' dir='ltr'><strong>idem</strong></span> <span class='ocrx_word' id='word_1_319' title='bbox 752 3537 886 3589; x_wconf 84' lang='lat' dir='ltr'><strong>verborum</strong></span> <span class='ocrx_word' id='word_1_320' title='bbox 899 3536 982 3592; x_wconf 83' lang='lat' dir='ltr'><strong>Mon.</strong></span> 
     </span>
     <span class='ocr_line' id='line_1_40' title="bbox 94 3605 765 3677; baseline 0.007 -21"><span class='ocrx_word' id='word_1_321' title='bbox 94 3607 203 3658; x_wconf 70' lang='lat' dir='ltr'><strong>adhibet</strong></span> <span class='ocrx_word' id='word_1_322' title='bbox 216 3609 320 3675; x_wconf 78' lang='lat' dir='ltr'><strong>quidem</strong></span> <span class='ocrx_word' id='word_1_323' title='bbox 334 3606 395 3674; x_wconf 80' lang='lat' dir='ltr'><strong>lio]</strong></span> <span class='ocrx_word' id='word_1_324' title='bbox 415 3608 520 3657; x_wconf 67' lang='lat' dir='ltr'><strong>adleida</strong></span> <span class='ocrx_word' id='word_1_325' title='bbox 536 3609 580 3658; x_wconf 80' lang='lat' dir='ltr'><strong>hie</strong></span> <span class='ocrx_word' id='word_1_326' title='bbox 593 3611 697 3677; x_wconf 76' lang='lat' dir='ltr'><strong>quidem</strong></span> <span class='ocrx_word' id='word_1_327' title='bbox 709 3605 765 3661; x_wconf 86' lang='lat' dir='ltr'><strong>vlt.</strong></span> 
     </span>
     <span class='ocr_line' id='line_1_41' title="bbox 95 3673 1137 3743; baseline 0.002 -19"><span class='ocrx_word' id='word_1_328' title='bbox 95 3687 182 3726; x_wconf 77' lang='lat' dir='ltr'><strong>cetero</strong></span> <span class='ocrx_word' id='word_1_329' title='bbox 196 3683 268 3726; x_wconf 81' lang='lat' dir='ltr'><strong>recte</strong></span> <span class='ocrx_word' id='word_1_330' title='bbox 286 3673 412 3743; x_wconf 84' lang='lat' dir='ltr'><strong>quidum]</strong></span> <span class='ocrx_word' id='word_1_331' title='bbox 438 3676 485 3728; x_wconf 85' lang='lat' dir='ltr'><strong>sio</strong></span> <span class='ocrx_word' id='word_1_332' title='bbox 500 3677 557 3730; x_wconf 81' lang='lat' dir='ltr'><strong>vit.</strong></span> <span class='ocrx_word' id='word_1_333' title='bbox 569 3702 604 3717; x_wconf 67' lang='lat' dir='ltr'><strong>u-</strong></span> <span class='ocrx_word' id='word_1_334' title='bbox 617 3689 729 3727; x_wconf 78' lang='lat' dir='ltr'><strong>reterum</strong></span> <span class='ocrx_word' id='word_1_335' title='bbox 742 3682 810 3730; x_wconf 84' lang='lat' dir='ltr'><strong>Ven.</strong></span> <span class='ocrx_word' id='word_1_336' title='bbox 823 3678 848 3730; x_wconf 76' lang='grc'><strong>2.</strong></span> <span class='ocrx_word' id='word_1_337' title='bbox 865 3673 930 3727; x_wconf 87' lang='lat' dir='ltr'><strong>Tul.</strong></span> <span class='ocrx_word' id='word_1_338' title='bbox 942 3705 981 3715; x_wconf 90' lang='lat'><em>-</em></span> <span class='ocrx_word' id='word_1_339' title='bbox 995 3687 1137 3728; x_wconf 69' lang='lat' dir='ltr'><strong>ceterorum</strong></span> 
     </span>
     <span class='ocr_line' id='line_1_42' title="bbox 65 3744 1136 3814; baseline 0.001 -21"><span class='ocrx_word' id='word_1_340' title='bbox 65 3757 119 3812; x_wconf 74' lang='lat' dir='ltr'><strong>mg.</strong></span> <span class='ocrx_word' id='word_1_341' title='bbox 133 3746 199 3798; x_wconf 87' lang='lat' dir='ltr'><strong>Tul.</strong></span> <span class='ocrx_word' id='word_1_342' title='bbox 216 3757 322 3794; x_wconf 76' lang='lat' dir='ltr'><strong>coetera</strong></span> <span class='ocrx_word' id='word_1_343' title='bbox 336 3765 403 3812; x_wconf 86' lang='lat' dir='ltr'><strong>quur</strong></span> <span class='ocrx_word' id='word_1_344' title='bbox 418 3746 544 3812; x_wconf 82' lang='lat' dir='ltr'><strong>Append.</strong></span> <span class='ocrx_word' id='word_1_345' title='bbox 556 3751 612 3798; x_wconf 84' lang='lat' dir='ltr'><strong>Var</strong></span> <span class='ocrx_word' id='word_1_346' title='bbox 638 3746 694 3797; x_wconf 89' lang='lat' dir='ltr'><strong>LL.</strong></span> <span class='ocrx_word' id='word_1_347' title='bbox 708 3763 751 3814; x_wconf 85' lang='lat' dir='ltr'><strong>ap.</strong></span> <span class='ocrx_word' id='word_1_348' title='bbox 767 3750 886 3813; x_wconf 78' lang='lat' dir='ltr'><strong>Hervng.</strong></span> <span class='ocrx_word' id='word_1_349' title='bbox 901 3744 976 3801; x_wconf 75' lang='lat'><strong>1534.</strong></span> <span class='ocrx_word' id='word_1_350' title='bbox 990 3774 1022 3785; x_wconf 95' lang='lat'>-</span> <span class='ocrx_word' id='word_1_351' title='bbox 1035 3759 1136 3796; x_wconf 73' lang='lat' dir='ltr'><strong>cetero-</strong></span> 
     </span>
     <span class='ocr_line' id='line_1_43' title="bbox 67 3813 1136 3881; baseline 0.005 -20"><span class='ocrx_word' id='word_1_352' title='bbox 67 3816 124 3878; x_wconf 82' lang='lat' dir='ltr'><strong>quin</strong></span> <span class='ocrx_word' id='word_1_353' title='bbox 136 3815 187 3866; x_wconf 87' lang='lat' dir='ltr'><strong>Dr.</strong></span> <span class='ocrx_word' id='word_1_354' title='bbox 207 3818 279 3866; x_wconf 86' lang='lat' dir='ltr'><strong>Ven.</strong></span> <span class='ocrx_word' id='word_1_355' title='bbox 291 3816 315 3868; x_wconf 92' lang='lat'><strong>1.</strong></span> <span class='ocrx_word' id='word_1_356' title='bbox 335 3813 415 3867; x_wconf 86' lang='lat' dir='ltr'><strong>Med.</strong></span> <span class='ocrx_word' id='word_1_357' title='bbox 429 3815 502 3869; x_wconf 85' lang='lat' dir='ltr'><strong>Vict.</strong></span> <span class='ocrx_word' id='word_1_358' title='bbox 516 3815 547 3866; x_wconf 82' lang='lat'><strong>1..</strong></span> <span class='ocrx_word' id='word_1_359' title='bbox 562 3816 641 3868; x_wconf 83' lang='lat' dir='ltr'><strong>Mau.</strong></span> <span class='ocrx_word' id='word_1_360' title='bbox 657 3815 724 3867; x_wconf 83' lang='lat' dir='ltr'><strong>Ern.</strong></span> <span class='ocrx_word' id='word_1_361' title='bbox 740 3814 804 3866; x_wconf 90' lang='lat' dir='ltr'><strong>Scb.</strong></span> <span class='ocrx_word' id='word_1_362' title='bbox 820 3815 872 3872; x_wconf 84' lang='lat' dir='ltr'><strong>Or.</strong></span> <span class='ocrx_word' id='word_1_363' title='bbox 886 3843 920 3853; x_wconf 89' lang='lat'><em>-</em></span> <span class='ocrx_word' id='word_1_364' title='bbox 930 3816 1036 3881; x_wconf 73' lang='lat' dir='ltr'><strong>quidam</strong></span> <span class='ocrx_word' id='word_1_365' title='bbox 1051 3814 1136 3866; x_wconf 70' lang='lat' dir='ltr'><strong>Grut-</strong></span> 
     </span>
     <span class='ocr_line' id='line_1_44' title="bbox 10 3879 1136 3967; baseline 0.003 -36"><span class='ocrx_word' id='word_1_366' title='bbox 10 3892 15 3967; x_wconf 46' lang='grc' dir='ltr'>ᾗ</span> <span class='ocrx_word' id='word_1_367' title='bbox 68 3879 127 3951; x_wconf 75' lang='lat'><strong>8111).</strong></span> <span class='ocrx_word' id='word_1_368' title='bbox 139 3883 163 3950; x_wconf 85' lang='lat'>§</span> <span class='ocrx_word' id='word_1_369' title='bbox 169 3883 212 3938; x_wconf 84' lang='lat'><strong>76.</strong></span> <span class='ocrx_word' id='word_1_370' title='bbox 229 3887 289 3950; x_wconf 82' lang='lat' dir='ltr'><strong>„Ac</strong></span> <span class='ocrx_word' id='word_1_371' title='bbox 298 3885 411 3945; x_wconf 80' lang='lat' dir='ltr'><strong>primum</strong></span> <span class='ocrx_word' id='word_1_372' title='bbox 424 3883 609 3953; x_wconf 81' lang='lat' dir='ltr'><strong>injbrmandua</strong></span> <span class='ocrx_word' id='word_1_373' title='bbox 622 3896 659 3934; x_wconf 78' lang='lat' dir='ltr'><strong>eet</strong></span> <span class='ocrx_word' id='word_1_374' title='bbox 672 3884 718 3936; x_wconf 78' lang='lat' dir='ltr'><strong>tlte</strong></span> <span class='ocrx_word' id='word_1_375' title='bbox 730 3886 821 3952; x_wconf 77' lang='lat' dir='ltr'><strong>nobie,</strong></span> <span class='ocrx_word' id='word_1_376' title='bbox 839 3904 914 3954; x_wconf 81' lang='lat' dir='ltr'><strong>quem</strong></span> <span class='ocrx_word' id='word_1_377' title='bbox 928 3883 1013 3936; x_wconf 79' lang='lat' dir='ltr'><strong>colum</strong></span> <span class='ocrx_word' id='word_1_378' title='bbox 1027 3886 1136 3953; x_wconf 75' lang='lat' dir='ltr'><strong>quidam</strong></span> 
     </span>
     <span class='ocr_line' id='line_1_45' title="bbox 11 3952 879 4009; baseline 0.001 -9"><span class='ocrx_word' id='word_1_379' title='bbox 11 3972 17 4009; x_wconf 68' lang='lat'><strong>·,</strong></span> <span class='ocrx_word' id='word_1_380' title='bbox 70 3952 311 4003; x_wconf 72' lang='lat' dir='ltr'><strong>neaurAnteum.“</strong></span> <span class='ocrx_word' id='word_1_381' title='bbox 877 3959 879 3965; x_wconf 80' lang='lat'><em>&#39;</em></span> 
     </span>
     <span class='ocr_line' id='line_1_46' title="bbox 18 4018 1135 4136; baseline 0.002 -67"><span class='ocrx_word' id='word_1_382' title='bbox 18 4052 24 4075; x_wconf 89' lang='grc'><strong>-,</strong></span> <span class='ocrx_word' id='word_1_383' title='bbox 76 4039 155 4136; x_wconf 72' lang='lat' dir='ltr'><strong>cutrm</strong></span> <span class='ocrx_word' id='word_1_384' title='bbox 168 4018 257 4087; x_wconf 68' lang='lat' dir='ltr'><strong>cient]</strong></span> <span class='ocrx_word' id='word_1_385' title='bbox 275 4022 356 4073; x_wconf 80' lang='lat' dir='ltr'><strong>Man.</strong></span> <span class='ocrx_word' id='word_1_386' title='bbox 369 4019 405 4075; x_wconf 85' lang='lat' dir='ltr'><strong>L·</strong></span> <span class='ocrx_word' id='word_1_387' title='bbox 418 4021 470 4077; x_wconf 82' lang='lat' dir='ltr'><strong>Or.</strong></span> <span class='ocrx_word' id='word_1_388' title='bbox 483 4020 548 4079; x_wconf 83' lang='lat' dir='ltr'><strong>Scb.</strong></span> <span class='ocrx_word' id='word_1_389' title='bbox 561 4049 594 4062; x_wconf 91' lang='lat'><strong>·-</strong></span> <span class='ocrx_word' id='word_1_390' title='bbox 605 4041 667 4074; x_wconf 86' lang='lat' dir='ltr'><strong>nam</strong></span> <span class='ocrx_word' id='word_1_391' title='bbox 682 4022 707 4073; x_wconf 79' lang='lat' dir='ltr'><strong>ai</strong></span> <span class='ocrx_word' id='word_1_392' title='bbox 718 4032 747 4074; x_wconf 81' lang='lat' dir='ltr'><strong>ut</strong></span> <span class='ocrx_word' id='word_1_393' title='bbox 761 4021 819 4082; x_wconf 77' lang='lat' dir='ltr'><strong>vit,</strong></span> <span class='ocrx_word' id='word_1_394' title='bbox 829 4022 882 4076; x_wconf 90' lang='lat' dir='ltr'><strong>Dr.</strong></span> <span class='ocrx_word' id='word_1_395' title='bbox 893 4026 964 4080; x_wconf 77' lang='lat' dir='ltr'><strong>ven.</strong></span> <span class='ocrx_word' id='word_1_396' title='bbox 976 4022 1038 4078; x_wconf 77' lang='lat' dir='ltr'><strong>l·2·</strong></span> <span class='ocrx_word' id='word_1_397' title='bbox 1056 4018 1135 4075; x_wconf 77' lang='lat' dir='ltr'><strong>Med.</strong></span> 
     </span>
     <span class='ocr_line' id='line_1_47' title="bbox 23 4091 922 4147; baseline 0.002 -8"><span class='ocrx_word' id='word_1_398' title='bbox 23 4128 27 4139; x_wconf 95' lang='lat'><strong>.</strong></span> <span class='ocrx_word' id='word_1_399' title='bbox 92 4104 110 4139; x_wconf 85' lang='lat' dir='ltr'><strong>r.</strong></span> <span class='ocrx_word' id='word_1_400' title='bbox 122 4091 195 4147; x_wconf 83' lang='lat' dir='ltr'><strong>vict.</strong></span> <span class='ocrx_word' id='word_1_401' title='bbox 299 4136 303 4143; x_wconf 76' lang='grc'><strong>,</strong></span> <span class='ocrx_word' id='word_1_402' title='bbox 918 4123 922 4132; x_wconf 88' lang='lat'><strong>·</strong></span> 
     </span>
     <span class='ocr_line' id='line_1_48' title="bbox 26 4170 33 4209; baseline 0 0"><span class='ocrx_word' id='word_1_403' title='bbox 26 4170 33 4209; x_wconf 89' lang='lat' dir='ltr'><strong>l</strong></span> 
     </span>
    </p>
   </div>
   <div class='ocr_carea' id='block_1_6' title="bbox 0 0 1332 5018">
    <p class='ocr_par' dir='ltr' id='par_1_6' title="bbox 0 0 1332 5018">
     <span class='ocr_line' id='line_1_49' title="bbox 0 0 1332 5018; baseline 0 4"><span class='ocrx_word' id='word_1_404' title='bbox 0 0 1332 5018; x_wconf 95' lang='lat' dir='ltr'><strong> </strong></span> 
     </span>
    </p>
   </div>
  </div>
 </body>
</html>
