2656 5018
298 114 371 183 Au
413 115 645 184 MARCUM
679 117 922 190 BRUTUM.
1104 128 1145 195 st

57 272 158 341 etism
177 271 214 340 in
234 269 369 337 verbis.
412 270 490 340 Non
512 271 603 337 enim
625 271 733 339 omnis
759 271 913 354 fortune,
944 294 1015 338 non
1037 274 1148 339 omnis

62 374 176 452 honos,
198 397 274 439 non
298 373 414 439 omnis
435 375 626 453 auotoritas,
648 399 718 440 oon
732 375 841 441 omnis
863 389 963 450 uetus,
985 401 1046 443 neo
1062 399 1148 443 vero

58 478 143 544 locus
164 490 231 543 aut
252 489 395 564 tempus
425 489 484 542 eut
505 477 640 543 auditor
666 480 776 544 omnis
806 480 926 544 eodem
947 491 1005 545 unt
1027 479 1148 545 verbo·

54 600 128 644 rum
154 601 288 664 genere
319 582 519 646 tractandus
548 590 596 645 est
617 591 674 646 aut
694 583 954 662 sententiarum,
991 602 1147 671 semper-

52 681 178 766 quein
202 683 303 748 omni
321 695 424 772 purte
446 682 606 750 orationis
632 695 671 748 ut
693 685 800 758 vitae,
830 685 911 770 quid
934 683 1068 762 deceat,
1098 691 1148 748 est

51 784 361 850 considerandum:
385 786 477 873 quod
502 797 537 850 et
557 786 591 851 in
613 810 669 867 re,
697 787 739 850 de
761 808 828 870 qua
850 787 974 872 agitur,
1003 787 1146 873 positum

54 898 123 964 est,
151 885 249 951 etin
270 889 422 974 personis
445 913 567 956 eorum
589 890 646 975 qui
668 889 801 968 dicunt,
836 900 868 952 et
891 889 927 951 in
949 910 1066 953 eornm
1088 887 1148 974 qui

57 988 218 1053 audiunt.
271 991 394 1077 Itaque
432 994 524 1057 hunc
550 992 663 1056 locum
692 992 789 1077 longe
816 1003 849 1055 et
877 992 942 1055 late
972 1001 1144 1074 patentem
1164 991 1201 1047 72

62 1088 253 1177 philosophi
287 1095 403 1158 solent
437 1094 474 1158 in
520 1093 633 1159 officiis
669 1104 813 1158 tractare
859 1091 950 1176 (non
990 1115 1069 1156 curn
1104 1092 1146 1155 ‹le

65 1181 153 1256 secto
170 1193 243 1280 ipso
266 1194 482 1283 disputant):
505 1197 639 1262 numid
662 1196 798 1281 quidem
821 1216 928 1259 unum
945 1206 1008 1269 est;
1032 1216 1147 1280 grom-

61 1293 166 1359 malici
190 1295 228 1361 in
253 1299 389 1385 poetis,
414 1300 607 1385 eloquentes
628 1299 664 1362 in
687 1298 779 1362 omni
802 1307 835 1361 et
855 1320 977 1383 genere
999 1309 1032 1360 et
1054 1308 1148 1384 parte

57 1420 242 1466 cansarum.
307 1401 428 1489 Quam
461 1401 553 1466 enim
580 1399 780 1464 indecorum
804 1409 869 1477 est,
910 1401 951 1463 de
972 1398 1149 1465 stillicidiis

54 1523 128 1566 eum
152 1504 251 1592 apud
274 1526 390 1568 unum
420 1503 568 1569 iudicem
591 1502 696 1581 dices,
735 1503 945 1590 amplissimis
974 1500 1082 1567 verbis
1112 1511 1146 1566 et

53 1602 136 1667 loois
168 1605 223 1669 uti
247 1605 511 1684 communibus,
553 1604 595 1667 de
623 1605 795 1669 maiestate
821 1624 903 1666 vero
932 1603 1046 1688 populi
1074 1604 1146 1669 Ro·

56 1705 153 1769 mani
170 1717 204 1769 et
219 1710 403 1773 summisse
422 1718 456 1771 et
475 1706 667 1773 subtiliter?
693 1705 754 1772 Hic
768 1727 890 1790 genere
911 1716 989 1783 toto,
1013 1717 1046 1768 ot
1066 1728 1146 1791 per·
1167 1716 1210 1778 22

59 1828 143 1870 sona
163 1808 219 1873 ulii
241 1822 392 1899 peccant
413 1821 473 1875 aut
494 1832 555 1874 sua
576 1820 635 1874 aut
656 1808 804 1873 iudicum
825 1818 884 1870 aut
906 1805 1006 1869 etiam
1028 1806 1148 1871 adver-

57 1910 246 1992 sariorum,
286 1935 355 1978 neo
383 1936 423 1978 re
451 1912 561 1978 solum
583 1910 642 1975 sed
665 1930 765 1997 saepe
784 1907 904 1975 verbo:
937 1906 997 1970 etsi
1017 1907 1088 1972 sino
1109 1927 1148 1975 rs

54 2122 276 2140 tunt—-

133 2269 182 2323 71.
218 2288 273 2320 non
287 2277 352 2320 enlm
365 2272 469 2338 omnis]
489 2286 545 2321 om.
563 2272 630 2319 mim
644 2270 667 2322 J.
680 2266 755 2319 Vici·

93 2341 221 2408 positum
235 2339 294 2406 est]
311 2357 364 2392 om.
380 2354 417 2391 ess
433 2342 502 2393 Ven.
523 2343 549 2394 2,
567 2339 632 2390 Tul.

95 2412 125 2457 iss
136 2411 268 2476 personis
280 2428 364 2458 eorum
372 2431 396 2478 q.
406 2414 433 2462 d.
449 2422 473 2460 et
487 2413 515 2459 in
529 2413 628 2471 sorum]
643 2406 690 2459 Sic
700 2402 763 2456 ‹tedi
771 2418 803 2455 ex
809 2402 833 2453 J.
842 2400 969 2453 Victore:
978 2427 1011 2442 -
1019 2401 1150 2468 „positum

56 2489 105 2540 est,
126 2489 154 2525 et
172 2480 202 2526 im
214 2481 338 2544 personis
354 2497 441 2528 eornm
457 2481 504 2546 qni
517 2477 666 2544 loqrtssntur,
685 2486 709 2524 ct
725 2477 751 2523 in
766 2491 851 2522 eorum
868 2473 913 2538 qni
925 2473 1108 2523 audiunt.“-
1122 2474 1150 2520 irs

55 2548 182 2613 personis
201 2558 228 2597 es
250 2549 278 2596 in
301 2567 388 2594 corum
411 2550 480 2598 Ven.
504 2550 529 2601 2.
547 2546 702 2597 'rut-in
712 2544 831 2612 personis
852 2553 878 2591 et
899 2560 984 2592 eorum
999 2543 1044 2610 qui
1061 2542 1152 2591 dicunt

58 2627 84 2664 ss
96 2633 191 2665 eorum
204 2637 231 2685 q.
250 2635 278 2668 a.
293 2617 399 2667 Ceteri.

128 2685 176 2739 72.
212 2703 268 2733 non
288 2703 488 2735 eum-usum
505 2688 564 2747 ess]
590 2682 645 2736 del.
665 2680 729 2735 Soh.
754 2680 786 2732 V.
805 2678 887 2731 Beier
906 2679 1021 2735 Excurs.
1041 2676 1076 2731 etl
1092 2678 1149 2732 Off.

59 2753 95 2806 Τ.
110 2753 134 2803 Ι.
154 2770 185 2820 p.
200 2753 265 2808 318.

98 2822 274 2888 eloquentes]
302 2821 450 2890 eloquentis
472 2824 499 2870 in
519 2823 591 2871 omni
609 2832 634 2870 et
658 2831 737 2888 porte
757 2835 896 2868 causarum
917 2816 972 2868 vit.
990 2846 1017 2855 -
1036 2817 1154 2867 rhetores

67 2889 97 2937 in
117 2892 197 2941 omni.
212 2891 279 2945 Seli.
297 2893 326 2944 2.
362 2893 400 2942 Ut
417 2897 513 2941 entem
534 2907 620 2956 snpra
640 2890 679 2955 (o.
693 2890 735 2953 9.)
759 2893 882 2939 oratores
904 2885 1004 2936 Grseci
1027 2885 1153 2934 rhetores

68 2965 222 3017 vocantur,
247 2961 290 3012 sic
306 2959 336 3010 h.
349 2959 369 3010 l.
383 2959 545 3026 eloquentes
561 2975 613 3025 pro
626 2956 789 3008 rhetoribus
810 2954 904 3021 posuit
920 2964 1028 3004 auctor.
1064 2954 1154 3001 Erunt

67 3027 145 3078 euim
157 3026 245 3080 iidem
262 3029 326 3080 fere
340 3028 489 3080 Ciceronis
504 3038 633 3089 tempore
645 3026 720 3093 spnd
735 3027 886 3075 Romanos.

98 3099 134 3146 de
145 3096 321 3165 stillicidiis]
343 3097 581 3164 Quinot.Vlll‚3‚
591 3096 631 3148 14.
657 3100 711 3159 „At
727 3094 868 3161 privatum
883 3088 1033 3139 consilinm
1048 3103 1159 3137 cutisss·

62 3181 117 3232 que
137 3182 322 3234 paucorum,
351 3165 559 3234 infrequenter
572 3164 691 3228 eccidit,
718 3161 892 3211 calculorum
910 3173 997 3225 pnrns
1020 3171 1111 3234 sermo
1129 3163 1159 3206 et

62 3234 214 3287 dissimilis
235 3251 324 3288 surse
342 3233 434 3301 megis
455 3235 588 3284 decuerit.
630 3236 672 3282 An
693 3248 750 3280 non
774 3228 876 3296 pudent
898 3236 1002 3276 cerrnm
1023 3225 1159 3277 creditum

62 3303 189 3370 periodis
198 3302 371 3372 postulare?
389 3310 440 3354 sut
453 3305 525 3353 eirea
538 3302 680 3352 stillicidio
694 3298 794 3366 offici?
812 3307 860 3346 uut
876 3297 904 3346 in
917 3294 1048 3358 rrinncipii
1063 3291 1158 3344 redhi-

62 3371 176 3425 bitione
190 3373 341 3425 sudare?“
360 3373 405 3424 De
417 3370 555 3421 stillicidii
568 3386 651 3421 eausa
668 3386 693 3420 v.
708 3366 802 3434 Speld.
815 3366 849 3417 ed
866 3365 932 3432 Qut.
941 3364 991 3426 stt,
1002 3363 1028 3429 3,
1039 3363 1097 3416 tet.

71 3474 75 3479 ·
96 3441 281 3564 amplisslizis
298 3439 691 3564 ”gbljs]1”“'⁶i‘⁰'”pli“i'”i‘
706 3439 773 3492 Ven.
788 3438 812 3490 1.
830 3435 909 3486 Med.

94 3524 135 3560 list
174 3531 205 3561 ve
259 3527 306 3564 en.
339 3549 346 3562 ο
393 3527 411 3560 U
425 3545 432 3558 ο

99 3584 132 3632 de
143 3513 215 3632 inssi.
232 3599 296 3631 vero
311 3582 397 3647 pop.]
417 3577 464 3627 Sic
478 3577 555 3630 Ju.2.
574 3576 621 3627 Cr.
632 3573 740 3644 Gryph.
756 3575 781 3628 2.
791 3588 890 3623 -om.
904 3573 1020 3622 Romani
1031 3572 1111 3627 Mon.
1121 3602 1154 3614 ·-

67 3663 120 3702 om.
135 3666 198 3700 vero
216 3649 324 3701 Ceteri.

103 3731 128 3773 es
137 3721 282 3769 summisse
296 3730 323 3768 et
331 3712 483 3782 subtiliter]
500 3714 569 3765 Vess.
579 3715 602 3766 l.
617 3710 695 3764 Med.
705 3710 770 3764 Tul.
780 3738 814 3750 -
823 3725 879 3760 om.
888 3708 967 3778 prins
976 3724 1000 3760 st
1010 3709 1111 3763 Ceteri.
1124 3738 1156 3752 ·-

68 3790 203 3842 summisse
225 3799 253 3838 et
274 3785 434 3854 suppliciter
444 3783 501 3837 Vir.
517 3808 549 3822 ··
566 3799 657 3833 summ.
673 3792 698 3830 et
713 3779 846 3830 subtiliter
858 3781 944 3831 dicere
958 3780 1156 3852 mg.1584.-

69 3865 176 3911 sumisse
187 3870 214 3909 et
227 3855 347 3908 subtiles
358 3855 413 3906 Dr.

135 3931 208 3997 Cep.
226 3929 275 3982 22,
312 3925 458 3990 sedsaepe
476 3920 572 3984 verbo]
598 3919 644 3968 secl
666 3936 743 3984 saepe
764 3919 845 3969 etism
861 3938 885 3970 ν,
901 3921 945 3972 Ju.
963 3920 1011 3973 Gr.
1029 3915 1109 3972 stdd.
1124 3918 1157 3970 L.

71 3999 231 4122 Giiiihiiise
251 4085 281 4118 rs
300 4057 478 4126 mimnullo]
502 4053 630 4119 Excidit,
656 4051 758 4120 credo,
783 4057 851 4107 mim
869 4065 933 4111 ants
951 4055 1050 4110 roesb-
1071 4045 1158 4123 natta,
