2692 5018
304 254 374 322 AD
406 252 635 323 MARCUM
667 254 905 324 BRUTUM.
1070 265 1139 330 409

145 411 237 496 Ergo
257 405 347 474 ethi
367 409 504 474 numeri
523 407 592 476 sint
612 408 754 497 cogniti,
784 420 818 475 et
836 431 942 496 genus
962 411 1044 477 illud
1067 422 1202 486 ter-163

57 515 150 579 tium
174 511 364 602 explicetur
381 511 479 598 quale
499 512 563 595 sit,
583 534 784 578 numerosae
799 522 833 575 ct
851 525 951 601 aptae
970 514 1140 580 orationis.

54 615 167 703 Quod
194 613 256 699 qui
284 635 355 678 non
377 611 543 692 sentiunt,
580 634 662 698 quas
691 637 789 679 aures
810 614 956 682 habeant
979 629 1038 681 aut
1060 616 1140 703 quid

55 717 96 783 in
118 715 173 786 bia
193 714 340 780 hominis
360 713 469 780 simile
490 717 550 795 sit,
571 716 690 784 nescio.
727 719 823 782 Meae
843 717 981 802 quidem
1004 729 1037 782 et
1060 740 1141 804 par·

56 819 151 886 fecto
176 818 409 907 completoque
430 806 614 882 verborun'i
640 816 767 882 ambitu
798 820 961 903 gaudent.
992 832 1023 884 et
1045 831 1140 884 curta

51 922 231 998 vsentiunt,
261 941 326 984 neo
359 931 472 985 amant
493 919 731 986 redundantia.
795 920 890 1009 Quid
924 922 997 986 dico
1024 919 1139 985 meas?

57 1023 238 1089 conciones
259 1041 360 1108 saepe
380 1020 570 1085 exclamare
597 1021 684 1094 vidi.
722 1045 800 1087 cnm
823 1035 899 1110 apte
921 1023 1026 1086 verba
1049 1021 1139 1085 oeci-

58 1126 195 1192 disaent.
234 1121 274 1190 Id
296 1121 385 1189 enim
407 1134 584 1208 expectant
604 1146 718 1205 aures,
748 1138 786 1209 ut
808 1126 918 1190 verbis
939 1125 1139 1210 colligentur

58 1225 256 1292 sententiae.
302 1224 380 1290 Non
409 1235 485 1289 erat
510 1226 574 1288 hoc
601 1227 692 1313 apud
721 1227 888 1311 antiquos.
936 1230 979 1293 Et
1001 1223 1137 1310 quidem

59 1327 148 1395 nihil
172 1325 263 1395 aliud
293 1323 367 1391 sere
397 1348 469 1390 non
501 1337 588 1392 erat:
625 1351 704 1393 nam
733 1341 767 1392 et
795 1330 896 1394 verba
919 1329 1083 1413 eligebant
1104 1335 1137 1388 et

64 1426 241 1494 sententias
261 1448 385 1514 graves
400 1438 434 1492 et
446 1449 564 1493 suaves
577 1430 807 1518 reperiebant,
829 1433 886 1496 sed
910 1456 965 1496 eas
980 1441 1039 1494 aut
1056 1427 1138 1492 viu*

62 1529 192 1597 ciebant
212 1542 272 1595 aut
294 1529 474 1617 explebant
502 1553 636 1617 parum.
678 1518 749 1598 Hoc
772 1536 957 1621 meipsum
981 1532 1132 1607 delectat,
1148 1535 1199 1593 169

56 1630 230 1718 inquiunt.
273 1631 390 1721 Quid?
420 1633 449 1698 si
471 1632 697 1718 antiquissima
718 1635 774 1702 illa
796 1636 927 1723 pictura
948 1653 1137 1720 paucorum

57 1736 217 1801 colorum
243 1733 349 1820 magis
374 1755 476 1819 quam
505 1737 587 1800 hacc
613 1734 683 1800 iam
713 1737 862 1824 perfecta
890 1739 1043 1812 delectet,
1079 1732 1137 1798 illa

57 1836 160 1904 nobis
191 1835 235 1901 sit
261 1836 359 1903 credo
396 1838 599 1926 repetenda,
637 1840 719 1904 haec
756 1839 883 1904 scilicet
917 1837 1136 1928 repudianda.

56 1936 265 2004 Nominibus
291 1944 445 2004 veterum
479 1940 680 2024 gloriantur,
737 1939 848 2006 Habet
881 1953 995 2005 autem
1025 1953 1063 2003 ut
1098 1938 1136 2003 in

57 2038 226 2106 aetatibus
240 2041 484 2109 ,auctoritatem
506 2054 657 2107 senectus
677 2040 724 2105 sic
744 2043 779 2107 in
803 2034 964 2131 exemplis
987 2043 1135 2125 antiqui-

57 2154 123 2208 tas:
145 2162 230 2226 quae
251 2142 388 2228 quidem
411 2143 499 2230 apud
521 2142 705 2230 meipsum
726 2145 816 2208 valet
837 2144 1032 2231 plurimum.
1063 2144 1135 2210 Neo

59 2267 120 2330 ego
141 2243 175 2310 id
196 2243 290 2330 quod
317 2245 409 2309 deest
431 2245 622 2330 antiquitati
643 2244 756 2328 flagito
777 2246 889 2332 potins
912 2256 1012 2331 quam
1034 2247 1134 2310 laudo

62 2346 152 2434 quod
174 2357 243 2413 esta
262 2347 457 2436 pracsertim
478 2370 558 2413 cum
578 2370 618 2412 ea
638 2347 767 2414 maiora
785 2348 930 2414 iudicem
951 2360 1136 2434 quaesunt

60 2589 150 2707 Dein
160 2588 267 2706 cogcpiti
278 2596 305 2664 et
314 2585 415 2706 girmacta]
435 2587 547 2706 VitL-t
554 2599 615 2670 aunt
627 2587 728 2708 cogniti
743 2587 989 2710 egpmvceanLapiniQe
1011 2598 1037 2636 er
1051 2604 1136 2706 geppe:

64 2673 638 2848 332.ssibsi⁰i”i{1i}.}if”ai.3.{'ipiia.
652 2676 809 2780 oiif‘inaa.
823 2677 1137 2795 subnascens,

93 2823 154 2848 .-
170 2805 277 2845 eunica
298 2804 357 2844 nm.
400 2813 469 2847 enus.
509 2813 524 2844 c
546 2833 554 2846 .
594 2812 617 2847 r.

132 2863 191 2915 168.
226 2811 373 2932 quabe'sit]
398 2864 452 2912 sint
467 2864 528 2916 Vet.
572 2900 575 2905 ·

100 2930 247 2999 orationis]
267 2931 399 2981 orationes
417 2931 477 2982 Ver.

103 2998 216 3049 baccinis
229 2999 330 3068 simile]
350 2999 498 3050 bominibus
515 2999 605 3052 similo
618 3001 688 3054 Van.
702 3002 728 3055 2.
740 3001 805 3059 Tul.
821 3003 884 3055 Vei.

32 3113 36 3119 .
103 3084 154 3116 nec
164 3066 270 3137 amani]
289 3068 478 3121 etomomvit.

99 3135 168 3203 quid
179 3134 252 3202 dieo]
270 3141 340 3206 quod
352 3139 410 3187 dico
427 3139 496 3190 Ven.
511 3141 538 3193 2.

97 3203 250 3275 conciones]
267 3207 400 3257 contiones
421 3206 527 3261 rut-
542 3209 719 3258 contentiones
735 3208 797 3261 vet.

95 3271 250 3325 exclamare
262 3277 321 3328 vidi
334 3275 410 3341 cum]
427 3294 505 3341 caepe
518 3297 553 3326 ex
566 3276 680 3326 clariore
693 3279 810 3327 indicum
823 3289 886 3342 apte
899 3277 925 3329 si
938 3278 1014 3328 verba
1026 3276 1097 3330 Ven.
1106 3277 1134 3332 1.

57 3367 96 3382 -
109 3361 145 3392 ex
159 3341 273 3394 clamore
286 3344 344 3394 vidi
358 3363 418 3394 ecem
435 3357 496 3412 apte
508 3365 585 3412 saepe
600 3347 677 3395 verba
693 3351 761 3400 Ven.
784 3349 810 3400 2.
822 3347 889 3403 Tul.

63 3446 66 3453 -
94 3410 270 3479 cecidissent]
287 3414 462 3463 concidissent
477 3414 546 3466 Veu.
563 3416 627 3467 12.
646 3415 709 3466 Tul.
725 3416 803 3470 Med.

94 3481 126 3530 id
140 3478 227 3548 mim]
247 3483 342 3531 etenim
357 3480 430 3536 Geli.
444 3484 479 3537 N.
498 3485 529 3537 A.
540 3484 648 3546 XVIII,
667 3485 692 3536 7.
1082 3527 1085 3533 .

94 3547 257 3615 colligentur
270 3550 432 3620 sententiae]
441 3608 443 3612 Α
452 3549 609 3617 collipentur
626 3563 651 3600 et
665 3555 811 3604 sentenciae
821 3558 889 3608 Veri.
900 3557 924 3609 1.
938 3550 1018 3606 Med.
1033 3577 1068 3593 -
1080 3550 1138 3605 coi-

57 3614 162 3686 ligetur
176 3621 302 3669 sententia
316 3618 389 3672 Geli,
403 3619 423 3670 1.
439 3619 458 3674 1.
472 3620 552 3685 prob.
569 3619 677 3689 Gryph.
699 3624 723 3675 1.
745 3625 771 3676 ἓ.
786 3624 819 3675 L.
833 3623 915 3677 Aldd.
929 3624 972 3681 Ju.
988 3625 1037 3677 Cr.

95 3684 168 3737 nibil
184 3685 261 3738 aliud
268 3687 279 3756 ]
300 3704 356 3740 om.
371 3686 441 3739 m'til
461 3687 524 3742 vet.

94 3766 145 3804 aut
158 3756 309 3806 vinciebant
322 3769 371 3808 out
384 3779 405 3809 e.
417 3757 539 3824 parum]
566 3769 615 3806 ant
634 3758 773 3810 vineant
797 3759 955 3827 explebant:
978 3780 1071 3827 parum
1085 3764 1136 3815 boe

57 3821 114 3874 Dr.
134 3825 203 3875 Ven.
225 3827 249 3880 1.
275 3825 353 3878 Med.
374 3825 440 3880 Tui.
459 3855 492 3866 —
513 3837 562 3876 aut
582 3828 748 3892 vinciebant,
767 3827 838 3878 hanc
864 3831 1012 3897 expiabant.
1038 3852 1136 3900 parum
1246 3858 1248 3863 ¹

59 3891 141 3948 Crat.
154 3921 188 3932 -
202 3893 276 3942 baud
290 3897 358 3947 vinc.
372 3895 448 3945 baud
461 3895 617 3963 explebant:
635 3913 729 3963 porum
746 3895 808 3949 Ald.
826 3899 851 3951 1.
866 3900 910 3950 Ju.
925 3900 997 3951 vict.
1011 3903 1137 3956 Men.-

57 3972 108 4010 aut
124 3980 175 4012 non
189 3963 340 4012 vinciebant
353 3977 401 4014 acci
416 3981 468 4012 non
482 3963 632 4030 explebant.
648 3969 745 4015 Porum
757 3965 816 4021 boc.
830 3966 893 4019 Ald.
908 3971 935 4022 2.
948 3993 976 4009 -·
994 3970 1067 4021 baud
1077 3975 1136 4023 vin·

58 4031 181 4095 aiebam,
200 4044 247 4081 aur
260 4029 400 4098 explebant
411 4050 507 4098 parum
523 4034 585 4087 Vet.

129 4101 189 4154 169.
225 4098 276 4151 ilia
290 4103 365 4152 nobie
378 4101 434 4171 eit]
452 4104 508 4152 sine
521 4102 579 4159 vit,
594 4102 675 4160 Med.
694 4102 764 4158 Ven.
776 4104 805 4158 2.
819 4102 883 4158 Tul.
896 4132 931 4145 -
947 4119 1007 4159 aunt
1027 4108 1081 4167 Dr.

93 4169 188 4234 deest}
208 4179 247 4218 est
263 4169 325 4222 vot.

89 4235 269 4307 praesertim]
283 4239 447 4308 praesentius
464 4238 537 4300 Van.
552 4241 580 4297 1.
