2692 5018
106 247 167 313 158

219 411 324 475 Edit.
345 413 504 479 Eram.

800 413 886 477 cod.
907 416 1057 478 Monac.

106 535 177 598 167.
199 552 267 591 omn
298 532 381 593 illius
408 534 545 594 exercitu
569 535 619 596 in·
672 535 766 598 omitt

149 616 246 675 victo:
270 616 360 677 huius
376 618 512 680 libidines

105 702 284 761 constitutae

106 792 175 852 168.
198 786 258 846 aint
274 788 395 866 cogniti.
418 789 520 850 Genua

104 869 233 930 hominia

102 977 185 1016 meae
201 956 322 1033 quidem

104 1041 177 1119 qnid
193 1041 260 1101 dico

103 1125 178 1204 quid
191 1127 215 1184 ei
229 1126 433 1206 antiquissima

103 1213 143 1270 ait

103 1322 132 1363 c.
150 1303 200 1367 51.
218 1305 286 1366 170.
309 1301 332 1359 ei
348 1300 406 1360 iarn
422 1312 492 1364 nota

102 1388 219 1447 numeri
234 1387 270 1445 ab
284 1395 403 1446 oratore

101 1471 179 1548 iure,
199 1475 245 1530 ain
258 1472 370 1549 probae

102 1578 201 1638 prope
217 1555 425 1635 quadringenti
458 1604 462 1609 .

108 1650 177 1708 171.
202 1662 255 1718 ego
272 1650 369 1699 autem

105 1732 175 1792 172.
197 1726 359 1786 Isocratem

102 1812 283 1873 Naucratem

103 1899 268 1976 mmmm

103 1983 208 2042 iisdem
224 1980 365 2042 derebus

103 2069 238 2127 nesciant

105 2158 176 2220 173.
198 2151 295 2231 quid?
317 2152 376 2233 ipai

103 2238 227 2298 brevior
243 2247 295 2297 ant
309 2238 329 2296 l.

106 2331 176 2389 174.
200 2321 318 2382 ethaeo
335 2332 365 2384 ot
382 2323 441 2382 alia

104 2418 258 2468 uteremur

101 2495 193 2554 etiam
210 2503 314 2555 extant

102 2579 136 2639 id
154 2587 253 2639 autem

104 2663 309 2743 faciendisque
323 2661 422 2721 verbis

106 2749 288 2809 moderatius
303 2746 481 2826 temperavit

107 2837 201 2899 c.53.
221 2840 291 2898 177.
314 2834 453 2911 quoniam
474 2830 565 2909 igitur

107 2919 239 2979 diximus
524 2945 529 2954 ·

107 3026 196 3065 cansa
213 3010 373 3081 quaeratur

107 3100 236 3170 apteque

104 3176 270 3259 pepulisset

105 3282 141 3321 ac
157 3261 309 3319 moderata

104 3350 176 3412 178.
198 3346 300 3403 inutile

104 3429 224 3511 quidem
241 3429 318 3489 illud

106 3520 177 3583 179.
203 3534 320 3594 quaque
335 3513 449 3575 ratione

105 3626 132 3662 c.
149 3603 199 3667 54.
228 3606 296 3667 180.
320 3602 492 3679 quicunque
511 3595 571 3654 oint

104 3690 313 3748 aicommunes

105 3795 142 3834 an
166 3773 207 3831 eit

106 3866 179 3925 182.
203 3875 296 3936 eaque
311 3863 341 3914 et
358 3873 499 3913 numerus

105 3954 134 4002 et
152 3945 233 4022 quod
251 3941 454 4001 moderatione

104 4049 131 4093 c.
145 4034 196 4096 55.
219 4033 287 4092 183.
311 4026 421 4086 accidit

104 4133 284 4190 cognoscere

105 4210 178 4268 184.
202 4201 253 4260 itta
267 4198 299 4259 iu
313 4194 443 4279 Thyeste

671 707 856 764 conatitutua

669 803 744 849 aunt
759 792 875 869 cogniti
889 800 916 847 et
931 811 1030 870 genua
1044 785 1129 847 illud

668 876 843 934 nominituo

669 966 782 1020 iumen
797 958 937 1040 equidem

670 1045 756 1129 quod
769 1044 837 1103 dico

671 1135 728 1212 qui
743 1133 773 1188 oi
785 1135 884 1211 uratiq.

669 1221 733 1275 aint

670 1324 729 1362 aua
744 1312 819 1360 nota

671 1408 729 1450 orn.
744 1387 863 1444 numeri

670 1474 826 1532 oententiie
838 1474 939 1530 iuncte
952 1473 1017 1529 rint
1024 1472 1118 1552 probe

670 1556 888 1639 quadringenti
896 1579 994 1638 prope

669 1656 738 1724 ergo
752 1654 855 1700 autem

670 1732 824 1788 Socratem

595 1890 603 1901 Ι
671 1814 856 1874 Naucraten

670 1900 821 1976 infenaiuo

671 1996 698 2043 et
716 1982 825 2042 iiadem
839 1981 877 2042 tle
892 1984 981 2043 rebus

673 2071 813 2128 nesciunt

671 2156 745 2235 quia
760 2155 822 2233 ipai

670 2250 728 2298 aut
744 2238 862 2297 brevior
877 2248 934 2295 aut
949 2237 971 2297 I.

673 2337 701 2383 et
714 2325 789 2382 haec
802 2335 830 2381 et
844 2325 901 2382 illa

672 2422 789 2469 utemur

672 2506 774 2553 extant
787 2496 879 2553 eiiam

671 2578 752 2639 idem
770 2591 874 2637 autem

672 2669 766 2726 omitt.

670 2749 753 2811 mod.
771 2751 862 2807 etiam
880 2756 968 2825 temp.

646 2857 731 2909 pm.
755 2836 854 2914 igitur

671 2919 804 2978 dicimur

671 3026 767 3064 carcaa
780 3012 922 3084 queretur

670 3102 830 3171 aperteque

664 3176 851 3256 perpulioaet

670 3274 697 3320 et
714 3258 867 3319 mediocre

670 3347 795 3404 mutilia

670 3428 754 3490 illud
768 3425 889 3510 quidem

671 3537 733 3597 qua
748 3517 867 3574 ratione

670 3604 843 3682 quicunque
854 3606 926 3657 aunt

670 3708 698 3745 aa
713 3708 814 3747 ornnea

671 3792 714 3830 an
733 3783 777 3830 eat

671 3877 730 3918 om.
747 3867 776 3914 et

671 3962 728 4004 om.
749 3953 778 3999 et

670 4025 790 4089 occidit.

669 4130 832 4191 ugnoacere

669 4198 722 4258 ille
734 4199 766 4258 in
782 4196 825 4256 tlt.
