2692 5018
345 270 413 336 AD
450 266 678 336 MARCUM
710 264 945 335 BRUTUM.
1139 277 1182 340 27

106 427 243 514 quidem
274 437 405 506 orator,
443 445 547 509 quem
575 408 749 488 summum
778 421 1044 502 essevolumus,
1081 446 1182 511 argu-

105 540 298 615 mentorum
322 539 356 593 et
377 527 546 591 rationum
569 524 670 590 locos.
714 525 802 590 Num
826 524 1001 611 quoniam,
1024 525 1186 614 quidquid
1204 529 1239 592 ts
1285 600 1286 603 Ἴ

105 626 266 712 estquod
299 627 335 690 in
358 625 587 694 controversia
617 637 677 691 eut
706 625 742 691 in
776 629 988 693 contentione
1016 642 1184 712 versetur,

103 731 141 796 in
165 753 204 794 eo
227 740 301 803 aut,
324 731 426 808 sitne,
449 740 523 813 aut,
545 727 628 814 quid
648 727 708 809 sit,
736 740 812 810 aut,
844 731 940 815 quale
961 730 1018 812 sit,
1051 731 1185 823 quaeri-

105 849 181 921 tur3
218 837 321 914 sitne,
349 834 470 919 signis3
503 831 581 919 quid
605 829 666 909 sit,
704 828 976 917 definitionibus,
1012 836 1107 920 quale
1129 835 1184 915 sit,

105 939 188 1006 recti
211 937 376 1022 pravique
391 933 558 1024 partibus:
580 931 700 1018 quibus
722 944 763 997 ut
784 934 834 999 uti
849 934 954 1020 possit
968 949 1092 1017 orator,
1113 959 1185 1002 non

105 1043 164 1107 ille
192 1038 340 1122 vulgaris
366 1037 423 1101 sed
454 1036 509 1101 hic
538 1035 723 1115 excellens,
760 1060 780 1102 a
808 1037 952 1124 propriis
983 1038 1132 1123 personis
1152 1050 1186 1104 et

107 1143 318 1228 temporibus
347 1162 500 1226 semper,
529 1137 557 1203 si
588 1149 716 1226 potest,
761 1152 879 1205 avocat
912 1141 1182 1207 controversiam.

108 1245 224 1307 Latius
240 1243 328 1308 enim
345 1243 386 1306 de
400 1265 522 1329 genere
537 1263 637 1326 quam
654 1241 694 1305 de
711 1253 806 1328 parte
820 1242 1004 1331 disceptare
1020 1243 1114 1307 licet:
1136 1255 1186 1325 ut,

109 1346 196 1433 quod
220 1347 255 1409 in
275 1345 435 1411 universo
457 1346 500 1409 sit
521 1343 721 1431 probatum,
752 1343 787 1408 id
809 1343 845 1407 in
867 1357 963 1432 parte
984 1345 1028 1413 sit
1048 1344 1186 1430 probari

108 1472 251 1514 necesse.
296 1450 387 1515 Haec
409 1446 511 1538 igitur
532 1447 683 1534 quaestio
705 1471 725 1513 a
752 1447 899 1536 propriis
922 1447 1131 1535 temporibus
1152 1459 1185 1513 et
1205 1448 1240 1506 46

106 1628 317 1642 —uu

69 1775 71 1778 ⁴
109 1776 148 1822 pr.
160 1754 270 1824 Gryph.
279 1757 304 1809 2.
318 1756 360 1808 Iu.
371 1755 397 1809 2.
411 1774 522 1823 -quae
534 1765 623 1805 tomen
638 1773 691 1822 quo
706 1753 735 1804 in
750 1772 832 1806 cauea
847 1765 886 1806 est
899 1774 922 1807 v.
936 1752 1188 1820 p.Melanchtli.·-

110 1844 179 1892 quoe
198 1838 285 1874 tornen
298 1843 379 1874 couno
395 1837 435 1875 est
451 1831 477 1878 o.⁴
494 1825 606 1889 Lomb,
625 1822 674 1892 qui
692 1830 789 1875 tamen
809 1832 901 1875 totum
920 1825 1078 1889 membrum
1095 1820 1191 1877 delero'

110 1894 226 1944 mavult.
243 1923 278 1933 -
294 1895 399 1946 Nostra
425 1894 510 1946 lectio
531 1894 573 1945 sic
593 1893 728 1960 explicari
747 1893 837 1948 debet.
857 1910 911 1962 qua
931 1903 1027 1944 tamen
1048 1895 1078 1945 in
1105 1910 1187 1947 causa

111 1963 271 2032 eloquentia
287 1979 382 2014 carere
402 1971 496 2031 potest
512 1961 682 2032 prudentio?
698 1965 842 2028 prudentia
858 1972 900 2015 eet
914 1962 1027 2014 ablatis.
1058 1965 1097 2029 ¹Iu
1111 1973 1188 2014 ente-

111 2031 273 2084 cedentibus
290 2031 364 2082 enim
386 2032 565 2102 eloquentiae
585 2030 766 2099 prudentiam
787 2040 956 2100 opposuerat
975 2032 1186 2101 quodammodo

112 2101 221 2157 Cicero.
240 2118 316 2153 nunc
330 2110 425 2153 autem
438 2119 473 2153 ne
485 2102 558 2155 forte
571 2100 632 2169 quis
642 2101 753 2168 credat,
770 2102 950 2169 prudentiam
959 2119 1018 2153 esse
1027 2102 1055 2152 in
1070 2101 1188 2154 veritato

112 2172 273 2238 oppositum
289 2170 480 2239 eloquentiae,
504 2186 622 2239 eamque
642 2170 759 2222 omnino
775 2169 836 2222 sine
858 2170 1008 2238 prudentio
1022 2188 1081 2222 esse
1096 2187 1188 2240 posse,

111 2240 152 2289 sic
174 2256 203 2290 se
225 2240 357 2308 corrigit:
392 2241 444 2290 etsi
466 2239 601 2301 dixerim,
626 2238 819 2290 inventionem
839 2241 985 2308 prudentis
1008 2256 1066 2291 esse
1093 2241 1188 2309 potius

113 2325 199 2376 quem
208 2308 381 2375 eloquentis,
395 2320 490 2359 tomen
498 2307 658 2376 eloquentia
668 2325 765 2358 vocare
772 2309 1075 2380 prudentionunquam
1084 2317 1187 2379 potest,

113 2377 162 2428 sed
180 2393 244 2428 cum
261 2393 290 2427 ea
306 2378 454 2428 coniuncta
469 2393 579 2443 semper
593 2393 653 2427 esse
668 2376 757 2428 debet.
1188 2437 1191 2443 Ι

148 2449 250 2508 cauea]
271 2445 325 2496 Vit.
341 2448 391 2496 Dr.
408 2448 488 2496 Mon.
502 2447 623 2512 ubique,
642 2462 699 2496 non
716 2465 822 2502 caussa.
846 2446 908 2498 Etsi
924 2464 990 2498 vero
1006 2446 1035 2499 in
1049 2445 1188 2513 similibus

113 2515 204 2566 verbis
224 2515 381 2582 geminasse
404 2524 592 2567 consonantes
613 2515 795 2579 Ciceronem,
820 2532 940 2582 eumque
964 2535 1072 2582 caussa,
1088 2536 1187 2581 cossus,

114 2586 240 2649 divi-isio,
259 2605 351 2648 ussus,
370 2603 479 2645 arcessere,
490 2585 603 2652 jussus,
624 2586 759 2649 odiossus,
777 2583 919 2648 stannum,
938 2585 1029 2648 laessi,
1050 2605 1190 2636 nccrsosure

114 2652 214 2703 dixisse
222 2670 253 2702 ex
263 2654 376 2722 Quinct.
388 2655 409 2716 Ι,
418 2655 443 2706 7.
450 2655 492 2706 20.
504 2656 535 2706 Α.
546 2653 666 2705 Cornuti
679 2671 722 2720 op.
734 2653 856 2704 Cassiod.
867 2671 893 2719 p.
902 2655 980 2708 2283.
989 2671 1022 2704 sc
1030 2656 1072 2706 Μ.
1081 2655 1190 2710 Victor.

113 2741 141 2789 p.
157 2721 234 2775 2456.
255 2723 422 2773 testimoniis
442 2723 618 2790 occepimus,
644 2721 712 2772 hoec
733 2731 826 2773 tomen
848 2724 984 2791 scripture
1005 2723 1086 2774 iniis
1113 2720 1190 2777 certe

114 2791 271 2853 vocubulis,
292 2809 361 2859 quae
377 2793 536 2860 nominavi,
554 2791 638 2860 paulo
654 2800 719 2859 post
734 2791 879 2843 Ciceronis
894 2802 1023 2859 tempora
1041 2792 1188 2845 obsolevit.

146 2863 302 2925 rationum]
320 2864 454 2912 actionum
471 2860 536 2914 sch.
551 2865 576 2915 2.
594 2890 630 2900 —
648 2864 795 2911 orationum
811 2862 878 2916 Veu.
893 2864 916 2914 1.
931 2865 957 2916 2.

181 2928 226 2984 45.
262 2949 321 2981 nam
342 2932 466 2997 quonium
487 2931 634 2998 quidquid]
666 2933 920 2998 nomquicquirlest
938 2932 1007 2999 quod
1027 2932 1054 2980 in
1075 2942 1189 2986 controv.

114 2999 183 3116 gen.
200 3000 223 3050 1.
248 2999 325 3052 Med.
344 2998 408 3051 Tul.
433 2996 542 3068 Gryph.
557 3002 583 3055 2.
599 3027 635 3038 -
658 3017 720 3049 nam
742 3001 867 3068 quicquid
886 3002 1009 3069 quonium
1028 3002 1057 3050 in
1075 3012 1191 3068 controv,

141 3069 226 3119 ent.
945 3110 947 3115 .

116 3146 165 3185 orit
188 3136 216 3184 in
240 3134 419 3203 contentione]
445 3148 492 3186 aut
513 3139 541 3188 in
561 3138 684 3188 concione
704 3136 781 3190 Med.
803 3135 867 3189 Tul.
884 3166 917 3175 -
932 3149 956 3188 et
973 3140 999 3187 in
1016 3150 1085 3191 cont.
1099 3137 1190 3190 NizoI.

116 3204 234 3273 Quincl.
248 3203 303 3269 III,
312 3205 337 3265 6,
350 3201 393 3258 44.
412 3209 459 3271 „A
470 3205 592 3272 plurimis
605 3208 810 3278 creseuntfncti
823 3206 958 3272 generales
972 3219 1075 3270 status,
1098 3209 1191 3276 quibus

115 3285 140 3323 et
161 3275 249 3323 Cicero
266 3275 293 3322 in
309 3274 421 3326 Oratore
433 3278 535 3340 utitur,
551 3288 575 3325 et
589 3278 677 3327 omnio
691 3295 758 3343 quae
778 3286 824 3323 out
840 3277 867 3324 in
884 3278 1085 3325 controversiam
1102 3277 1191 3325 autin

115 3344 305 3394 contentionem
320 3345 439 3405 veniant,
464 3346 592 3395 contineri
608 3355 689 3414 putat
696 3379 705 3408 ,
723 3346 766 3395 Sit
780 3344 833 3395 ne?
854 3346 925 3410 Quid
941 3347 997 3398 sit?
1018 3344 1101 3410 Quale
1114 3347 1149 3395 sit
1158 3344 1192 3396 l“

114 3417 247 3476 versetur]
266 3422 383 3460 vereatur
399 3411 507 3482 Gryph.
521 3415 547 3468 2.

115 3482 180 3549 quid
194 3481 247 3548 sit]
268 3481 314 3549 qui
327 3481 395 3532 Ven.
408 3483 434 3537 2,

116 3551 184 3601 recti
191 3549 333 3618 pravique]
354 3567 411 3604 om.
429 3569 477 3617 qne
487 3550 557 3601 Ven.
572 3551 598 3609 2.

151 3620 244 3681 quibus
258 3619 308 3684 ut]
330 3634 386 3672 orn.
402 3620 497 3689 quibus
509 3619 562 3673 Dr.
579 3619 635 3674 Gn.
650 3620 677 3674 2.
692 3620 726 3674 V.
739 3603 867 3677 Elmslei.
881 3618 917 3676 sd
934 3619 1020 3691 Sopb.
1039 3617 1108 3675 Oed.
1124 3620 1192 3693 Tyr.

116 3687 176 3741 257.
195 3704 252 3740 om.
265 3700 293 3738 ut
308 3687 389 3739 Mon.

118 3774 168 3804 non
182 3756 229 3807 itte
242 3757 381 3824 vulgaris]
399 3775 450 3806 non
466 3754 513 3807 itte
527 3756 631 3824 quidem
644 3757 716 3826 vulg.
732 3759 815 3814 Mon.
877 3803 882 3818 ‚
1108 3816 1113 3823 ¹
1187 3815 1189 3821 ,

118 3842 137 3873 a
148 3828 261 3892 propriis
273 3829 392 3894 personis
408 3826 484 3894 etc.]
511 3826 577 3896 Qut.
589 3827 639 3894 Ill,
653 3829 679 3892 5,
695 3826 834 3892 15.-„in
849 3826 1145 3897 Oratore-praecipit,
1164 3839 1194 3879 ut

119 3897 267 3961 inpropriis
289 3897 407 3963 personis
431 3907 511 3964 atque
538 3897 696 3964 temporibus
724 3915 861 3946 avocemus
887 3899 1104 3947 controversiam:
1130 3901 1194 3966 quio

119 3961 202 4012 liutius
226 3963 310 4013 elicere
327 3963 408 4015 liceat
429 3967 461 4014 ele
480 3984 575 4032 genere
589 3984 667 4032 quom
688 3967 833 4036 despecie,
858 3977 883 4015 et
896 3967 965 4032 quod
981 3971 1009 4018 in
1022 3968 1141 4018 universo
1158 3969 1195 4036 sit

117 4031 273 4097 probatum,
292 4033 320 4080 in
333 4046 409 4100 purte
424 4035 564 4100 probatum
578 4053 633 4085 esse
648 4030 750 4085 necesse
765 4031 840 4088 sit.‘⁴

118 4100 196 4163 licet,
216 4101 262 4170 ut]
282 4099 343 4150 licet
355 4113 382 4151 et·
394 4102 449 4157 Vit.
874 4102 877 4109 ’

188 4169 232 4222 46.
268 4187 284 4218 a
294 4172 407 4239 propriis
422 4171 580 4239 temporibus
589 4183 620 4237 ¹et
634 4172 773 4242 personis]
793 4166 839 4223 Sic
848 4169 915 4222 ven.
927 4138 959 4230 1.Ι
970 4169 1049 4223 Med.
1059 4187 1114 4223 om.
1123 4191 1148 4224 n.
1160 4201 1191 4215 -
1219 4142 1225 4157 .

120 4239 153 4290 nlr
166 4239 282 4307 propriis
292 4238 344 4290 Dr.
360 4268 392 4280 -
408 4255 464 4293 om.
477 4243 595 4311 personis
611 4243 677 4298 Vcn.
690 4244 716 4301 2.
733 4245 852 4311 personis
866 4254 890 4293 et
903 4243 1062 4311 temporibus
1075 4243 1176 4296 Celeri.
