2692 5018
344 264 415 335 an
451 262 685 333 iaanenu
717 262 954 333 annania
1014 241 1022 252 “
1122 267 1196 337 105·

106 420 175 509 (est
203 415 294 484 enim
318 416 373 484 hic
393 418 488 484 loeus
516 418 585 484 late
604 428 723 506 patens
744 417 787 482 de
812 428 934 487 natura
952 433 1082 503 usuque
1102 440 1185 486 ver-

103 521 248 608 borum)
267 519 398 607 longius
410 530 530 587 'aulem
550 541 651 605 qnam
675 518 828 584 instituta
848 519 935 584 ratio
957 518 1156 608 postulabat.

195 622 261 687 sed
282 622 361 708 quia
384 645 501 687 rerum
528 619 775 706 verborumque
796 619 959 686 iudicium
984 620 1184 707 prudentiae
1193 619 1248 692 ..49

108 735 173 804 est,
209 745 333 788 vocum
359 734 472 788 autem
497 733 530 785 et
556 745 777 787 numerorum
811 744 910 787 aures
936 735 1016 787 sunt
1044 720 1186 802 iudices,

109 839 143 893 et
163 827 253 913 quod
273 825 332 891 illa
356 823 398 887 ad
427 822 684 906 intelligentiam
712 824 924 902 referuntur,
952 824 1034 888 haeo
1054 827 1096 890 ad
1119 847 1187 890 vo-

106 930 296 1015 luptatem:
325 925 362 991 in
390 924 457 989 illis
483 925 571 990 ialin
597 923 750 1005 invenit,
779 927 816 991 in
840 926 898 1015 'his
925 947 1042 990 sensus
1065 938 1197 1011 artem„

109 1030 182 1095 Aut
205 1026 298 1092 enim
320 1026 518 1113 negligenda
549 1023 647 1091 nobis
675 1024 742 1091 fuit
766 1027 922 1112 voluplas
941 1048 1079 1106 eorum,
1108 1026 1188 1112 qni·

108 1131 174 1195 bus
197 1126 334 1216 probari
356 1125 570 1202 volebamus,
591 1140 650 1192 aut
672 1150 726 1194 ars
744 1129 819 1212 eius
840 1126 1065 1195 conciliandae
1083 1151 1185 1213 repe-

109 1231 238 1298 rienda.
281 1232 379 1296 Duae
399 1239 479 1293 sunt
499 1228 602 1316 igilur
622 1251 689 1310 res,
713 1251 800 1315 qnae
821 1230 1056 1310 permulceant
1075 1251 1183 1310 aures,
1197 1248 1249 1306 163

111 1355 215 1399 sonus
243 1344 277 1399 et
305 1352 475 1399 numerus.
531 1332 584 1396 De
610 1334 753 1421 nnn'aero
781 1353 885 1412 mox,
914 1355 1003 1398 nunc
1032 1332 1074 1397 de
1102 1355 1187 1396 sono

115 1434 316 1523 quaerimus.
372 1431 484 1504 Verba
514 1437 572 1515 (ut
599 1455 702 1521 supra
732 1431 900 1516 diximus)
934 1434 1074 1519 legenda
1106 1445 1187 1499 sunt

110 1535 322 1627 potissimum
342 1525 430 1603 bene
448 1532 616 1616 sonantia,
637 1532 696 1599 sed
717 1556 755 1598 ea
777 1557 845 1600 non
867 1547 906 1601 ut
920 1535 1040 1624 politae
1064 1535 1186 1624 exquiv

109 1640 177 1705 sila
197 1638 241 1711 ad
261 1659 383 1705 sonum
405 1637 463 1702 sed
487 1650 598 1703 sumta
622 1637 664 1700 de
685 1636 808 1705 medio.

243 1740 313 1822 Qua
331 1741 428 1807 Ponto
449 1740 488 1804 ab
510 1739 615 1805 Helles
634 1773 676 1787 -

109 1852 251 1929 superat
272 1843 420 1908 modum.
464 1843 509 1910 At
707 1840 711 1846 ’

241 1944 377 2006 Antaeus
396 1948 472 2007 ανίει
495 1943 670 2009 Colchorum
685 1977 729 1992 -
1190 2000 1193 2005 .

110 2043 296 2133 splendidis¹
317 2046 512 2112 nominibus
540 2046 748 2113 illuminatus
776 2052 827 2107 est
852 2065 986 2125 versus,
1014 2045 1071 2109 sed
1102 2059 1183 2135 pro-'

111 2148 224 2212 ximus
244 2146 436 2232 inquinatus
461 2146 695 2214 insuavissima
716 2144 812 2210 litera
838 2143 966 2227 finitus,

185 2457 254 2524 Cap.
278 2454 323 2513 49.
362 2457 521 2526 pnoeitentiae
547 2462 605 2520 eat]
628 2456 771 2527 prudentia
790 2463 829 2505 ea!
855 2451 912 2506 Vit.
935 2432 976 2494 -Ι
994 2452 1023 2503 in
1045 2454 1186 2521 prudentia

116 2536 157 2576 eci
179 2527 239 2578 Vct.

153 2597 225 2663 qnod
241 2593 312 2661 illa]
330 2596 399 2664 quael
414 2593 490 2645 illum
503 2594 558 2645 Vit.
576 2624 610 2635 -
628 2594 751 2663 quoniam
766 2591 816 2643 illa
830 2606 888 2659 mg.
904 2589 979 2645 1584.

148 2662 314 2732 aaliasua't]
332 2665 400 2720 Vsu.
416 2666 440 2719 1.
461 2666 488 2719 2.
503 2663 580 2719 Med.
593 2665 657 2717 Tul.
680 2661 762 2715 Aldd.
782 2679 816 2713 ac
836 2667 954 2715 recente.
973 2687 1009 2698 -
1024 2657 1088 2728 fuit
1100 2661 1184 2732 'bachio

117 2732 174 2787 vit.
190 2734 244 2786 Dr.
262 2731 335 2785 viat.
350 2733 382 2783 L.

149 2802 271 2869 volupiae
287 2806 392 2865 eorum]
409 2800 460 2854 vol.
473 2802 576 2851 aurium
598 2802 669 2870 quid.
684 2816 729 2869 ap.
745 2799 796 2852 Or.

150 2869 318 2938 volebamuo]
338 2873 488 2921 videbamur
502 2871 563 2923 Vnt.

155 2941 324 3004 reperienda]
343 2941 481 3007 repetenda
496 2938 552 2989 Vit.
565 2939 616 2990 Dr.
632 2938 701 2990 Ven.
718 2941 742 2992 1.
759 2939 786 2992 2.
798 2935 875 2991 Med.
892 2936 960 2995 Tul.

192 3006 250 3059 163.
284 3010 374 3076 auree]
395 3011 496 3058 arsimus
511 3007 568 3058 Vit.

156 3094 226 3124 nunc
242 3076 363 3140 duona]
380 3081 415 3128 cle
429 3094 489 3125 sono
503 3094 572 3126 nunc
585 3076 653 3129 Ven.
666 3078 691 3129 1.
704 3078 732 3128 2.
754 3072 833 3126 Med·
853 3073 920 3126 Tul.

154 3157 187 3194 ut
197 3145 304 3213 poetae]
320 3162 411 3213 utpote
422 3148 484 3197 vet.

153 3232 208 3280 qun
219 3225 299 3278 ponto
313 3216 347 3263 ab
360 3214 467 3282 Helles]
488 3214 571 3266 Grut.
583 3215 651 3266 Ern.
666 3212 716 3266 Or.
725 3210 944 3278 secutiLipsium
954 3210 1042 3279 Epist.
1055 3210 1183 3279 Quaestt.

116 3283 158 3344 V,
177 3283 203 3336 ⁵.
231 3283 279 3350 qni
294 3298 327 3336 ex
338 3283 427 3352 Epist.
443 3283 538 3340 Senee.
554 3286 596 3338 81.
610 3283 679 3337 haec
691 3281 773 3334 verba
787 3279 917 3335 restitnit.
935 3280 977 3333 ihi
990 3280 1066 3331 enim
1086 3281 1126 3331 sic
1140 3280 1184 3330 le-

135 3363 240 3404 untur:

115 3366 134 3420 g
240 3484 243 3489 ,
324 3423 426 3492 Impera
439 3423 532 3493 Argis,
551 3439 634 3491 regan
646 3421 712 3473 mihi
725 3419 804 3489 liquit
818 3417 911 3486 Pelops

327 3494 482 3560 (lua-ponto
498 3494 532 3540 ab
544 3489 634 3542 Helles
650 3502 731 3560 atque
742 3495 776 3541 ab
788 3491 863 3542 Jonio
877 3487 948 3540 mari

329 3564 440 3629 Urgetur
459 3560 581 3615 Isthmos.
600 3587 633 3597 -
1172 3614 1177 3626 .

118 3645 243 3700 qnorum
266 3629 375 3699 palmus
399 3645 493 3681 verens
519 3629 665 3680 emendate
680 3627 785 3697 legitur
801 3645 845 3694 ap.
862 3626 976 3695 Quinet.
994 3623 1049 3690 IX,
1068 3620 1101 3678 4.
1120 3622 1180 3679 140.

325 3702 368 3753 En
381 3701 480 3769 impero
494 3701 597 3763 Argis,
619 3710 722 3766 sceptra
736 3698 801 3747 milii
813 3698 892 3761 liquit
909 3693 1011 3760 Pelops.

117 3767 196 3819 Accii
211 3767 297 3820 verba
312 3777 396 3829 sunt,
413 3776 446 3820 nt
457 3766 576 3818 videtur.
594 3795 627 3805 -
646 3785 698 3834 qua
710 3779 805 3828 pontus
818 3763 907 3815 Helles
933 3761 995 3815 edd.
1017 3769 1082 3813 ante
1102 3759 1181 3830 Lips.

116 3864 152 3875 -
166 3856 217 3903 qua
227 3848 323 3905 pontus
334 3836 421 3887 Hellia
436 3838 506 3891 Ven.
522 3840 546 3890 1.
562 3835 638 3886 Med.
652 3861 687 3872 -
700 3836 792 3884 heilica
804 3850 862 3901 mg.
876 3831 940 3885 Tul.

150 3918 258 3972 superat
271 3906 389 3973 modum]
410 3917 516 3973 superat
530 3904 648 3956 simulam
660 3903 715 3955 vit.
727 3905 780 3956 Dr.
797 3907 865 3958 Ven.
880 3905 906 3956 1.
921 3898 1001 3956 Med.
1025 3928 1058 3941 ···
1078 3911 1186 3969 cuperat

118 3973 227 4024 tmolum
239 3976 308 4027 Van.
324 3978 351 4030 2.
366 3973 431 4025 Tul.

134 4062 138 4069 ·
152 4054 308 4094 nicanorus
322 4045 410 4110 aries]
429 4055 477 4093 aut
489 4041 728 4094 tauricoelocorum
741 4038 798 4096 vit.
812 4056 828 4090 a
842 4042 866 4094 1.
875 4053 914 4092 m.
927 4048 1001 4087 -at
1019 4035 1185 4089 tauricoclo·

117 4129 209 4164 eorum
222 4114 275 4175 Dr.
289 4117 358 4169 ven.
375 4116 398 4166 1.
413 4115 438 4167 2.
457 4112 521 4164 Tul.
540 4139 571 4153 -
588 4123 698 4161 auratos
715 4113 785 4159 aries
801 4109 884 4162 Grut.
896 4108 965 4158 Em.
980 4105 1044 4161 sch.

141 4178 265 4248 finitus]
284 4182 331 4232 aed
341 4187 477 4244 proximus
489 4184 518 4233 is
531 4184 691 4231 suavileima
707 4178 858 4248 literaflm's
871 4175 926 4228 vit.
942 4203 978 4214 -··
984 4174 1059 4244 finis
1075 4175 1144 4226 Ven.
1160 4180 1184 4229 1.

117 4278 155 4290 —
163 4251 230 4319 finit
245 4252 317 4305 Ven.
329 4253 356 4306 Ξ.
373 4250 437 4304 Tul.
451 4250 593 4322 -fim'tur
607 4249 670 4302 Ald.
684 4251 710 4305 2.
730 4246 850 4307 infinitus
863 4245 935 4307 Vici.
947 4240 1002 4298 Cr.
1019 4245 1034 4294 J
1037 4261 1063 4306 u·
1080 4245 1143 4297 Ald.
1159 4248 1183 4297 1.
