2692 5018
342 267 410 334 AD
446 267 675 334 MARCUM
708 268 945 336 BRUTUM.
1142 281 1180 344 11

110 424 173 488 dici
199 433 255 487 aut
287 419 427 504 intelligi
451 421 569 507 posse?
613 420 664 488 Ad
687 423 747 487 has
770 435 819 488 tot
841 436 1017 510 tantasque
1041 448 1101 491 res·
1121 427 1225 498 aid-5
1318 416 1323 427 ’

108 525 252 588 hibenda
271 535 350 588 sunt
371 535 568 587 ornamenta
594 523 864 605 innumerabilia,
904 550 990 613 quae
1016 527 1086 592 sola
1106 539 1180 613 turn

108 624 242 708 quidem
267 624 486 688 tradebantur
513 625 554 687 ab
573 625 632 706 iis,
672 628 730 713 qui
754 629 885 693 dicendi
915 630 1182 694 numerabantur
1206 624 1239 677 ¹7

61 722 62 761 3
107 726 267 810 magistri.
312 727 390 812 Quo
413 723 469 798 fit,
492 717 538 786 'ut
562 749 677 793 veram
707 729 800 794 illam
830 742 864 794 et
891 729 1073 794 absolutam
1112 730 1183 795 elo-

61 836 63 863 ²
107 832 279 912 quentiam
296 849 397 894 nemo
415 839 653 911 consequatur,
688 831 779 913 qnod
804 831 867 895 alia
890 829 1094 917 intelligendi
1119 834 1185 899 alia

109 931 241 995 dicendi
273 932 443 1019 disciplina
467 943 534 1008 est,
576 941 610 993 et
629 931 671 995 ab
695 931 765 995 aliis
793 955 907 996 rerum
944 933 984 996 ab
1014 931 1084 996 aliis
1106 956 1184 997 ver-

106 1033 231 1098 borum
252 1034 401 1099 doctrina
424 1033 605 1126 quaeritur.
647 1034 764 1117 Itaque
782 1035 828 1100 M.
851 1035 1034 1108 Antonius,
1053 1034 1107 1097 cui
1132 1034 1184 1099 vel

61 1136 63 1169 l
107 1134 234 1222 primas
258 1136 466 1223 eloquentiae
494 1147 629 1222 patrum
654 1146 849 1199 nostrorum
881 1136 1049 1199 tribuebat
1076 1133 1181 1218 aetas,
1203 1146 1237 1199 18

106 1236 162 1298 vir
192 1248 311 1302 natura
338 1250 519 1326 peracutus
544 1248 578 1300 et
596 1239 763 1324 prudens,
800 1237 836 1301 in
867 1259 906 1301 eo
939 1237 1041 1311 libre,
1064 1260 1184 1321 quem

107 1359 216 1400 unum
237 1339 389 1425 reliquit,
413 1340 557 1405 disertos
578 1338 624 1402 ait
645 1362 679 1402 se
701 1338 823 1402 vidisse
848 1340 988 1413 multos,
1021 1341 1183 1428 eloquen-

106 1450 175 1504 tem
197 1442 335 1506 0mnino
353 1444 534 1507 neminem.
579 1440 745 1505 Insidebat
763 1440 919 1506 videlieet
935 1442 970 1505 in
987 1441 1057 1505 eius
1070 1455 1184 1507 mente

104 1543 230 1630 speeies
252 1545 479 1628 eloquentiae,
503 1566 604 1630 quam
626 1543 783 1606 cernebat
805 1543 934 1622 animo,
964 1567 1003 1607 re
1017 1541 1088 1626 ipsa
1112 1565 1185 1607 non

104 1644 249 1709 videbat.
292 1646 355 1712 Vir
382 1657 492 1710 autern
529 1644 695 1709 acerrimo
726 1643 860 1729 ingenio
890 1648 952 1730 (sic
982 1649 1072 1713 enim
1102 1648 1180 1728 fuit)

106 1747 216 1811 multa
245 1757 278 1809 et
301 1745 335 1810 in
363 1771 397 1819 se
423 1760 456 1812 et
481 1749 518 1811 in
546 1747 617 1812 aliis
640 1745 850 1827 desiderans,
873 1751 1042 1816 neminem
1069 1753 1179 1837 plane,

106 1848 165 1932 qui
186 1859 279 1912 recte
301 1851 460 1936 appellari
486 1851 642 1936 eloquens
669 1862 794 1934 posset,
828 1850 972 1916 videbat.
1024 1853 1126 1940 Quod
1151 1853 1180 1917 si
1201 1857 1236 1912 19

105 1950 164 2013 ille
185 1973 247 2015 nec
267 1973 301 2014 se
317 1974 377 2016 nec
398 1954 435 2017 L.
463 1951 621 2016 Crassum
644 1952 854 2036 eloquentem
876 1955 1025 2039 putavit:
1065 1955 1183 2020 babuit

104 2051 257 2138 profecto
289 2057 565 2140 comprehensam
595 2051 708 2116 animo
739 2055 907 2139 quandam
939 2056 1085 2122 sormam
1107 2058 1182 2120 elo-

106 2155 281 2238 quentiae,
303 2156 357 2218 cui
373 2156 531 2239 quoniam
552 2154 638 2218 nihil
659 2153 790 2233 deerat,
820 2178 894 2235 eos,
918 2157 1038 2244 quibus
1056 2157 1181 2242 aliquid

107 2266 166 2319 aut
182 2256 282 2343 plura
303 2258 458 2333 deerant,
495 2257 532 2319 in
554 2277 627 2319 eam
649 2250 796 2320 formam
823 2282 892 2322 non
915 2271 1048 2346 poterat
1070 2262 1181 2326 iuclu-

109 2357 197 2423 dere.
247 2360 484 2444 Investigemus
512 2359 605 2421 hunc
626 2357 745 2442 igitur,
789 2361 908 2441 Brute,
938 2362 965 2426 si
993 2385 1181 2446 possumus,

107 2481 210 2543 quem
230 2481 406 2545 nunquam
428 2459 512 2524 vidit
531 2458 714 2539 Antonius,
758 2472 817 2525 ant
843 2463 900 2547 qui
929 2463 1041 2527 omnio
1069 2465 1181 2529 nullus

105 2583 257 2646 unquam
281 2561 363 2627 fuit:
387 2584 489 2648 quem
508 2561 536 2626 si
557 2560 680 2626 imitari
693 2571 795 2651 atque
814 2563 1004 2651 exprimere
1020 2562 1087 2632 uon
1105 2589 1182 2653 pose

142 2960 234 3027 posse]
260 2959 306 3012 Sic
321 2960 374 3013 Dr.
392 2958 449 3010 Vit.
472 2959 554 3011 Mon.
575 2959 645 3015 Ven.
662 2961 686 3013 1.
700 2962 726 3016 2.
741 2960 818 3012 Med.
833 2959 896 3012 Asc.
919 2960 979 3013 Ald.
996 2962 1018 3015 1.
1032 2960 1096 3016 Tul.
1108 2960 1180 3014 Vict.

108 3029 280 3153 {alugegqqtt
292 3031 370 3083 Junt.
387 3029 438 3082 Or.
453 3057 485 3069 -
501 3031 565 3098 quid
578 3032 611 3082 de
621 3031 677 3080 vita
687 3055 719 3071 -
727 3050 804 3098 posse
820 3030 881 3082 Ald.
894 3032 921 3084 2.
935 3061 970 3070 -
979 3043 1065 3099 potest
1080 3032 1180 3083 Lamb.

179 3201 247 3270 Cap.
261 3202 291 3279 5..
323 3201 364 3255 17.
401 3202 435 3250 ab
449 3200 502 3268 iis]
523 3203 557 3252 ob
572 3202 615 3253 bie
638 3201 694 3254 vn.
707 3203 760 3256 Dr.
773 3203 842 3254 Ven.
854 3204 878 3256 1.
892 3204 918 3256 2.
936 3201 1000 3255 Tul.
1016 3203 1092 3256 bled.
1103 3201 1180 3257 conf.

106 3269 481 3407 suilideridindllderdbddlur]
501 3355 556 3391 om.
571 3340 676 3390 dicendi
687 3340 756 3393 Ven.
768 3341 795 3394 2.
814 3368 848 3381 --
866 3340 1099 3391 dinumerabantur
1110 3337 1166 3395 Vit.

143 3428 192 3476 quo
200 3407 260 3479 flt]
279 3411 348 3476 quod
364 3407 429 3460 Tul.

142 3479 176 3528 ab
192 3477 256 3528 aliie
269 3477 368 3545 rerum]
389 3479 423 3527 ab
437 3478 480 3527 bie
491 3495 576 3527 rerum
590 3475 646 3531 Vit.
661 3477 729 3530 Veu.
744 3480 770 3531 2.
789 3475 852 3528 Tul.

160 3582 220 3699 d18.
235 3581 337 3649 primas
349 3578 433 3649 eloqu.
445 3581 564 3649 patrum]
580 3599 620 3649 pr.
634 3577 797 3650 eloquentiae
802 3591 892 3649 partes
895 3591 1003 3650 potrum
1010 3578 1065 3632 Vit.
1077 3581 1144 3633 Ven.
1155 3582 1180 3635 1.

107 3651 185 3703 Me.

144 3719 310 3769 disertoe'ai't
324 3723 396 3780 eta]
415 3719 492 3770 Haec
502 3716 641 3770 sententia
656 3717 787 3770 laudatur
796 3717 830 3769 de
847 3717 926 3771 Orat.
942 3718 1014 3786 tel.
1029 3718 1180 3786 Qutvnl.

110 3786 240 3838 Prooem·
258 3788 298 3840 13.
315 3788 388 3838 Plin.
403 3788 456 3856 Ep.
472 3789 503 3851 V,
518 3790 562 3840 20.

146 3854 252 3920 reipsa]
268 3875 359 3925 reapse
372 3856 472 3908 Lamb.
488 3872 578 3922 marg.
594 3853 670 3915 1584.
689 3855 814 3920 „Seneca
826 3855 956 3923 Ep.108:
976 3856 1086 3905 Eosdem
1099 3853 1181 3904 libros

110 3925 143 3974 de
156 3924 305 3989 Republica
325 3945 402 3993 quum
423 3927 616 3998 grammaticus
629 3923 775 3991 explicuit,
799 3927 911 3992 primum
929 3944 1054 3992 reapse
1071 3925 1127 3973 diei
1146 3923 1181 3972 ab

112 3993 250 4058 Cicerone,
275 3995 304 4042 ia
319 4005 382 4090 est,‘
391 4015 424 4044 re
442 3996 521 4062 ipsa
539 3997 567 4045 in
581 3996 793 4046 commentarium
807 3992 901 4064 refert:
920 4013 966 4047 ner
978 3996 1063 4045 minua
1075 4009 1179 4067 repre,

109 4063 214 4126 idest,
232 4063 366 4128 seipse.
385 4067 441 4102 ‘-

179 4165 222 4218 19.
242 4182 315 4231 quem
332 4167 483 4234 nunquam]
501 4184 615 4232 unquam
632 4166 704 4220 Kob·
726 4211 729 4216 ,

141 4234 247 4283 imitari
261 4237 359 4301 atque]
375 4246 420 4285 aut
435 4235 514 4290 Med.
527 4236 598 4290 Kob.
