2692 5018
205 301 225 362 6
635 287 848 356 ORATOR

206 447 366 534 quentiae
387 444 602 522 dediderunt,
624 464 699 532 spes
713 441 922 525 infringatur
943 451 1002 505 aut
1016 440 1217 525 languescat
1239 439 1295 504 iu-

207 549 345 616 dustria.
393 548 479 615 Nam
507 570 615 634 neque
639 544 720 609 illud
747 545 878 631 ipsum,
913 541 1004 629 quod
1032 554 1083 607 est
1105 541 1294 629 optimum.

208 648 455 738 desperandum
478 659 537 730 est,
563 659 594 712 et
618 650 653 712 in
673 644 920 734 praestantibus
942 643 1043 708 rebus
1066 655 1296 730 magnasunt

173 765 190 818 t
213 775 269 824 ea.
292 740 478 838 quaesunt
501 749 634 837 optimis
655 750 820 837 proxima.
865 748 973 830 Atque
1001 768 1060 832 ego
1086 747 1124 812 in
1150 768 1296 812 summo

208 864 343 919 oratore
368 851 525 938 fingendo
548 854 649 917 talem
673 852 876 928 informabo,
900 848 1007 934 qualis
1029 847 1175 914 fortasse
1191 871 1297 913 nemo

208 954 284 1020 fuit.
327 953 402 1020 Non
428 954 518 1018 enim
547 941 689 1040 quaero,
712 955 785 1039 quis
809 951 929 1031 fuerit,
950 952 1007 1015 sed
1031 951 1111 1037 quid
1133 951 1183 1016 sit
1197 951 1297 1030 illud,

209 1078 276 1144 quo
295 1054 383 1128 nihil
402 1056 506 1145 possit
529 1080 601 1122 esse
624 1055 860 1142 praestantius,
888 1054 978 1140 quod
1000 1053 1037 1119 in
1059 1053 1298 1141 perpetuitate

210 1156 344 1222 dicendi
376 1179 444 1221 uon
472 1181 592 1246 saepe,
628 1172 729 1243 atque
756 1156 845 1223 haud
874 1155 941 1220 ecio
977 1178 1021 1220 au
1047 1177 1221 1240 unquam,
1263 1157 1299 1220 iu

210 1259 322 1344 aliqua
342 1271 454 1325 autem
479 1273 573 1346 parte
604 1260 731 1325 eluceat
753 1259 949 1343 aliquando,
984 1258 1073 1323 idem
1093 1259 1189 1345 apud
1213 1259 1299 1324 alios

174 1374 191 1426 8
213 1363 363 1440 densius,
385 1362 474 1449 apud
500 1362 582 1426 alios
603 1360 746 1428 fortasse
769 1361 888 1427 rarius.
932 1359 999 1426 Sed
1021 1382 1082 1447 ego
1104 1361 1154 1428 sic
1171 1373 1297 1444 statuo,

208 1464 295 1530 nihil
320 1485 389 1528 esse
408 1464 444 1528 in
468 1463 538 1527 ullo
559 1485 681 1549 genere
704 1473 771 1525 tarn
795 1463 997 1547 pulchrum,
1024 1485 1092 1549 quo
1116 1485 1192 1527 non
1216 1466 1298 1551 pul-

210 1567 318 1632 chrius
340 1564 373 1630 id
395 1565 454 1644 sit,
492 1566 582 1630 unde
603 1565 686 1630 illud
709 1578 746 1628 ut
766 1585 808 1628 ex
839 1588 898 1629 ore
923 1567 1035 1653 aliquo
1059 1571 1158 1652 quasi
1181 1570 1298 1656 imago

211 1667 439 1755 exprimatur,
468 1667 557 1752 quod
582 1689 692 1752 neque
724 1667 829 1731 oeulis
865 1691 976 1755 neque
1006 1671 1148 1735 auribus
1182 1694 1298 1759 neque

210 1769 281 1835 ullo
304 1791 404 1835 sensu
430 1769 558 1857 percipi
581 1780 703 1852 potest,
740 1769 941 1854 cogitatione
967 1782 1098 1836 tautum
1116 1785 1153 1837 et
1179 1787 1298 1841 mente

211 1871 478 1958 complectimur.
522 1873 637 1958 ltaque
658 1882 692 1935 et
715 1871 851 1936 Phidiae
871 1873 1071 1953 simulacris,
1094 1876 1228 1963 quibus
1245 1878 1297 1942 ni-

211 1973 260 2039 hil
279 1973 315 2038 in
342 1974 398 2038 illo
417 1971 749 2060 genere.perseotius
777 1972 949 2056 videmus,
989 1988 1022 2041 et
1055 1977 1105 2042 his
1138 1979 1296 2063 picturis.

212 2096 294 2161 quas
326 2074 517 2156 nominavi,
556 2073 702 2160 cogitare
734 2086 846 2140 tamen
876 2098 1054 2165 possumus
1081 2081 1295 2164 pulchriora.

245 2348 303 2398 spes
317 2327 483 2402 infringatur
498 2332 568 2402 taut]
585 2345 632 2384 ttut
649 2332 882 2404 spect'nfrirtgtttur
900 2348 957 2390 out.
980 2337 1079 2391 Lamb.
1098 2367 1134 2378 -
1155 2335 1298 2409 infringat

212 2397 292 2453 codd.
312 2400 395 2452 Grut.
409 2429 444 2439 -
461 2401 579 2470 infrigat
594 2415 639 2453 scut
656 2404 730 2463 turp.
744 2406 863 2471 ingustia
876 2407 927 2458 Dr.
942 2427 1000 2474 spes
1012 2408 1148 2474 refringat
1163 2408 1229 2462 Gu.
1239 2413 1267 2464 2.

245 2479 272 2519 et
289 2469 316 2518 in
327 2471 524 2536 praestantibus
540 2473 633 2539 rebus]
648 2463 728 2527 Aldd.
742 2475 805 2522 Asc.
818 2474 892 2525 lunt.
902 2474 1115 2542 Lamb.Gryph.
1131 2477 1158 2531 1.
1176 2486 1299 2530 recente.

211 2562 246 2574 -·
264 2549 289 2587 et
306 2545 333 2586 in
344 2539 525 2600 praesentibus
548 2543 623 2590 rebus
642 2541 698 2591 vit.
720 2549 749 2591 et
769 2542 822 2594 Dr.
844 2545 910 2609 (om·
928 2543 1031 2612 copula
1052 2547 1089 2612 et)
1120 2545 1195 2598 Ven.
1224 2551 1253 2604 1.
1275 2551 1298 2603 2·

211 2604 290 2658 Met.
304 2604 368 2658 Tul.
381 2608 453 2660 Vict.
468 2609 548 2660 Man.

282 2683 311 2734 7.
344 2676 428 2743 Atque
442 2675 508 2744 ego]
528 2687 558 2727 at
573 2694 620 2746 ego
640 2681 702 2728 Asc
718 2679 744 2732 2.
759 2676 868 2746 Gryph.
887 2682 911 2732 1·

255 2744 330 2792 torsit
342 2744 414 2808 esce]
432 2763 487 2795 esse
500 2747 593 2812 possit.
612 2746 663 2797 Dr.
682 2746 778 2804 Guelf.
791 2749 816 2802 2·
830 2748 855 2805 3.
870 2748 942 2802 Vici.
959 2747 1015 2806 vid.
1030 2748 1301 2824 Martini-Legunt

212 2763 255 2864 uti
262 2811 321 2866 Cic.
334 2811 385 2880 Ep.
398 2813 430 2864 L.
444 2815 467 2865 l.
484 2829 526 2880 ep.
540 2812 566 2870 4.
587 2814 664 2866 vellet
680 2818 725 2867 ire.

248 2882 317 2947 quud
329 2883 356 2930 t'n
367 2884 561 2948 perpetuitate]
578 2886 642 2948 quid
658 2885 711 2936 Dr.

247 2951 319 2998 houd
331 2953 385 2999 seio
402 2969 437 3000 an
453 2957 584 3018 unquam]
602 2972 637 3001 an
650 2972 783 3023 nunquam
798 2955 1016 3011 Iunl.2·LamIr.
1028 2956 1178 3025 mg.1584·
1189 2958 1263 3015 Seli.
1276 2964 1301 3017 2·

211 3017 294 3070 Beier
309 3017 344 3068 ad
361 3017 420 3070 Cic.
437 3017 494 3069 off.
510 3021 543 3072 T.
560 3018 586 3074 Ξ.
603 3037 630 3088 p.
646 3024 704 3076 tue.

247 3086 365 3154 eluceat]
391 3088 459 3142 Ern.
478 3087 568 3141 elucet.

281 3155 307 3208 8.
343 3159 382 3206 sic
396 3158 503 3226 statuo]
528 3159 553 3208 si
570 3169 659 3209 statuo
675 3159 732 3213 vit.

245 3223 699 3364 illlillmillexpli‘eniiliqiidqieaii
712 3227 848 3367 iniugtoig
855 3311 880 3349 et
894 3318 928 3349 ex
946 3318 989 3351 ore
1002 3299 1053 3355 Dr.
1066 3328 1103 3340 -
1114 3299 1189 3355 illua
1201 3323 1242 3357 ex
1258 3325 1301 3360 ore

160 3414 163 3419 ,
212 3359 304 3429 telique
318 3365 396 3431 quasi
410 3374 495 3430 potest
506 3375 531 3413 et
544 3366 633 3434 imago
647 3366 715 3418 Ven.
732 3369 758 3421 2.
779 3395 813 3406 -
831 3370 946 3437 quatiet
966 3370 1054 3438 imago
1066 3370 1134 3422 Ven.
1150 3373 1177 3425 1·

245 3433 348 3499 percipi
364 3437 469 3497 potest]
487 3435 586 3501 percipi
596 3438 681 3502 possit
698 3436 753 3489 vit.

248 3499 424 3567 cogitatione]
451 3500 514 3552 sch.
527 3503 553 3556 2.
573 3505 643 3569 quod
663 3506 833 3572 cogitatione.

246 3567 658 3704 ‘liiiiliiilmfludtitewlllkleidirlr
664 3572 779 3710 Iiireriipit
789 3573 864 3696 guil
871 3643 907 3698 D.
914 3659 941 3711 p.
948 3641 1009 3700 322.
1027 3644 1114 3708 ‚diem
1126 3653 1182 3696 tres
1198 3665 1301 3701 eonse-

214 3716 307 3761 nantes
324 3723 374 3754 nats
388 3709 553 3759 inueniuntur
569 3721 593 3759 et
610 3711 679 3761 dtttte
694 3730 808 3780 graecae
824 3731 842 3766 u
857 3724 882 3762 et
894 3714 916 3776 ζ,
951 3717 977 3762 F
994 3731 1044 3762 non
1064 3714 1207 3770 invenitur.
1250 3723 1299 3770 Id-

214 3774 285 3824 circo
300 3786 388 3823 errant
419 3777 501 3826 uieic
515 3777 632 3828 scribunt
647 3781 755 3847 triumfo
773 3800 820 3846 per
829 3779 860 3848 s.
896 3781 966 3833 Nom
981 3799 1083 3832 necesse
1097 3793 1152 3849 est,
1176 3796 1212 3836 ut
1233 3788 1299 3839 lite-

214 3860 271 3894 ram
293 3841 369 3894 illam
392 3795 523 3894 (irascens
550 3865 608 3897 cum
630 3846 742 3900 volueris
757 3853 915 3916 exprimere,
940 3850 1129 3918 perpethet
1144 3871 1159 3903 o
1176 3859 1297 3908 scribae.

214 3909 335 3979 Filippus
354 3911 385 3978 (l.
409 3913 555 3980 Φίλιππος)
581 3934 669 3983 perp
692 3920 818 3971 scribunt.
867 3920 964 3970 Latine
982 3921 1008 3970 si
1025 3917 1139 3971 uolueris
1165 3927 1297 3994 scribere,

213 3980 362 4049 perpetis
378 3983 511 4034 scribac.“
529 4013 562 4023 -
580 3983 635 4039 inf.
652 3987 676 4054 ᾗ.
691 3987 733 4042 79.
927 3999 929 4003 ’

249 4048 384 4116 vitiemui]
409 4053 522 4102 vidimus
541 4055 610 4107 Ven.
629 4056 653 4107 1.
668 4057 694 4109 2.
713 4055 790 4107 Med.
805 4054 872 4107 Tul.

249 4117 291 4166 isis
307 4119 441 4184 picturis]
472 4123 507 4171 iis
522 4143 549 4189 p.
570 4122 679 4192 Gryplt.
695 4126 721 4179 2.
738 4125 820 4176 Mon.

249 4190 369 4254 cogitare
385 4199 471 4238 tamen
487 4192 641 4263 pessumus]
661 4195 778 4260 cogitari
792 4194 862 4250 Kah.
880 4195 1009 4259 pessimus
1021 4194 1075 4249 Dr.

247 4256 420 4325 pulchriora]
438 4257 547 4311 meliora
567 4260 623 4313 Gu·
640 4263 667 4316 2.
683 4262 847 4331 pulchriores
866 4278 923 4333 mg.
939 4261 1073 4316 Gothofr.
