2692 5018
347 276 417 343 AD
449 274 677 345 MARCUM
713 276 947 345 BRUTUM.
1146 288 1189 352 93

107 452 207 516 cum,
229 429 289 519 qai
310 430 440 497 Poenos
460 428 564 496 classe
588 428 727 505 devicit,
750 428 902 498 Bellium
915 432 1190 519 nominaverunt,

108 556 185 600 cum
207 534 397 621 superiores
426 532 582 619 appellati
612 543 723 597 esseut
744 556 878 621 semper
899 534 1049 602 Duellii.
1092 538 1190 625 Quin

106 636 210 703 etiam
246 634 350 701 verba
384 655 482 719 saepe
512 634 760 699 contrahuntur
791 658 862 700 non
892 659 971 703 usus
1002 660 1101 704 causa
1129 640 1188 706 sed

107 738 256 805 aurium.
307 735 488 823 Quomodo
517 736 606 801 enim
636 747 750 802 vester
778 736 884 801 Axill
932 740 1049 804 Aliala
1078 739 1187 805 lacius

108 852 176 923 est,
208 839 273 903 nisi
301 838 382 921 fuga
407 837 525 901 literae
557 838 731 903 vastioris?
763 861 863 924 quam
890 840 1021 905 literam
1044 843 1146 907 eliam
1167 864 1189 907 c

106 940 269 1011 maxillis
295 952 329 1004 et
357 940 495 1004 taxillis
517 950 551 1004 et
571 938 701 1006 vexillo
730 950 764 1003 et
786 939 950 1025 pazixilla
978 944 1187 1007 consuetudo

105 1046 242 1131 elegans
268 1040 381 1106 Lalini
407 1041 569 1105 sermonis
598 1040 722 1105 evellit.
767 1040 925 1105 Libeuler·
953 1043 1052 1107 elium
1075 1050 1251 1132 capu-154

105 1144 210 1211 laudo
231 1145 337 1208 verba
357 1140 541 1229 iungebant
568 1155 609 1207 ut
639 1142 738 1208 sodes
761 1164 825 1228 pro
847 1143 878 1207 si
899 1142 1025 1225 audes,
1053 1144 1101 1209 sis
1122 1168 1187 1231 pro

109 1248 142 1313 si
162 1246 233 1327 ais3
261 1244 330 1313 iam
359 1242 398 1309 in
426 1266 496 1310 uno
528 1242 645 1330 capsis
673 1242 736 1307 tria
764 1244 865 1308 verba
894 1258 989 1326 aaut,
1028 1247 1099 1311 aiu’
1121 1270 1186 1333 pro

112 1348 223 1428 aisne,
252 1347 395 1435 nequire
416 1368 481 1435 pro
502 1368 570 1410 aaa
590 1348 704 1433 quire,
735 1346 843 1410 irralle
869 1369 929 1432 pro
949 1350 1064 1437 magis
1084 1350 1186 1431 aelle,

113 1452 203 1518 nolle
230 1474 294 1537 pro
323 1472 390 1516 aaa
417 1447 517 1517 velle.
571 1446 667 1515 Deia
696 1447 798 1513 oliam
827 1472 927 1537 saepe
956 1463 990 1516 et
1015 1450 1095 1518 exin
1121 1474 1186 1539 pro

109 1647 319 1665 m

144 1778 267 1846 Poenos]
289 1794 367 1848 penos
384 1776 453 1827 Veri.
471 1775 497 1829 1.

145 1848 280 1917 Bellium]
297 1860 325 1897 ut
338 1845 459 1897 bellicum
473 1846 541 1900 Ven.
554 1845 582 1899 2.
596 1870 631 1885 ·—
646 1842 741 1897 bellum
759 1844 817 1901 Vll.

146 1917 264 2047 iiiiii
281 1915 459 2041 ‘illici
473 1980 601 2033 -ueas
613 1984 665 2035 ur.
688 1987 757 2038 ven.
777 1986 800 2039 1.
814 1986 841 2038 s.

144 2068 231 2107 vester
242 2054 336 2108 Axilla
350 2052 459 2120 Alala]
480 2052 526 2103 Sic
540 2052 617 2103 edidi
636 2068 651 2103 e
669 2053 732 2104 cod.
746 2054 852 2105 Mureti
868 2053 901 2106 V.
916 2055 947 2106 L.
962 2054 1033 2121 XII,
1046 2053 1181 2123 20.prob.

104 2123 214 2179 Reizio.
228 2124 261 2177 L.
273 2154 303 2167 ··
317 2126 443 2193 quomodo
456 2125 524 2172 enim
538 2123 641 2172 uidetur
658 2123 747 2174 axilla
767 2124 813 2173 ala
830 2122 886 2174 Vit.
908 2152 944 2162 —-
956 2124 1012 2175 Ala
1027 2124 1080 2176 Dr.
1100 2123 1183 2175 Aldd.

105 2196 152 2250 Ju.
170 2194 241 2245 vict.
254 2194 334 2245 Man.
352 2191 404 2243 Or.
418 2219 454 2230 —
468 2190 536 2241 Alla
549 2190 619 2243 Vea.
631 2194 656 2246 1.
670 2194 697 2247 2.
714 2208 768 2259 qua
786 2193 820 2243 de
836 2192 892 2243 scri
913 2202 977 2244 tura
992 2210 1018 2244 v.
1033 2194 1132 2245 Garat.
1147 2192 1185 2244 ad

106 2264 207 2319 Plauc.
217 2278 245 2330 p.
256 2262 315 2317 150.
330 2261 374 2313 ed.
384 2260 434 2314 Or.
446 2288 482 2299 -
491 2258 551 2310 Alia
559 2259 645 2311 lectio
660 2273 746 2311 noster
755 2260 853 2312 Axilla
863 2278 879 2311 a
888 2211 982 2325 lipsio
996 2264 1030 2312 de
1046 2264 1185 2317 Proauut.

106 2332 185 2389 1..1.
201 2349 227 2387 c.
241 2332 287 2385 VI.
303 2339 372 2381 extr.
385 2338 573 2395 memoratur,
594 2345 680 2399 quam
701 2338 794 2380 tamen
814 2329 844 2381 in
870 2328 948 2381 nulls
971 2347 1099 2383 mearum
1119 2330 1184 2383 edd.

108 2402 177 2457 vidi.
189 2426 224 2442 -
238 2411 325 2451 vester
338 2398 458 2449 Haxilla
470 2398 590 2449 alaTul.
615 2398 668 2447 Pro
683 2398 797 2464 Axilla,
814 2399 932 2452 uomius
946 2400 1073 2469 proprio,
1089 2400 1184 2451 Alalis

108 2470 270 2525 dicebaturs
307 2484 341 2521 ro
356 2466 463 2535 axilla,
481 2466 597 2519 uomina
618 2466 811 2532 substantivo,
829 2468 860 2519 al
878 2503 886 2519 .

140 2542 197 2593 aiei
205 2537 244 2607 fu
266 2484 306 2607 “l
314 2536 408 2609 sugas
424 2536 477 2591 Dr.
487 2536 555 2587 ileu.
569 2539 593 2591 1.
603 2538 629 2588 2.
646 2536 723 2587 Med.
741 2536 807 2589 Tul.

140 2620 169 2663 d
185 2554 311 2677 taxillis]
330 2626 345 2657 e
357 2604 465 2657 taxillis
478 2605 530 2659 Dr.
540 2604 617 2657 Med.
627 2606 670 2657 Ju.
682 2604 764 2660 Aldd.
783 2607 829 2660 Cr.
842 2605 915 2660 vict.
931 2606 1013 2659 Man.
1022 2631 1056 2647 -
1071 2604 1183 2658 eiaxil·

106 2677 144 2732 lis
158 2676 215 2729 Vit.
233 2676 298 2727 cod.
314 2676 392 2727 Mur.
409 2674 478 2727 Vsu.
495 2676 518 2729 1.
534 2676 561 2729 2.
579 2674 643 2727 Tul.
657 2703 691 2714 —
708 2690 765 2729 om.
778 2686 805 2723 es
820 2676 852 2727 L.

141 2756 169 2798 es
180 2746 324 2817 pauxillo]
342 2744 390 2795 Sic
404 2742 479 2795 edidi
493 2759 508 2793 e
522 2743 577 2798 Vit.
591 2743 653 2797 cod.
671 2744 748 2800 Mur.
772 2743 823 2794 Dr.
842 2748 911 2797 Ven.
935 2748 961 2799 1.
979 2746 1007 2799 2.
1019 2741 1097 2798 Med.
1115 2741 1182 2797 Tul.

106 2840 143 2857 ·-
156 2828 181 2867 et
186 2814 293 2883 paxillo
307 2812 411 2865 Ceteri.
428 2812 472 2865 cf.
486 2812 621 2866 Priscian.
635 2812 655 2866 l.
669 2812 703 2874 3,
721 2815 747 2866 6.
761 2830 789 2881 p.
807 2813 865 2867 182.
882 2814 931 2866 ΚΓ.
961 2816 1058 2880 „Facis
1073 2812 1183 2881 paulus,

106 2882 231 2951 paululus
241 2894 268 2935 el
280 2901 313 2934 ex
335 2882 385 2932 liae
396 2880 537 2951 pauxillus
558 2892 586 2932 et
603 2881 780 2949 pauxillulus.
814 2882 944 2933 Similiter
960 2883 1044 2935 velum
1057 2881 1183 2933 vexillam

106 2948 381 3072 sapitdiasiauiiuum.
411 2953 474 3002 Ideo
491 2950 565 3002 mala
581 2963 720 3020 assumpta
736 2970 757 3001 x
766 2949 848 3021 sarit
867 2951 984 3003 maxilla
1002 2965 1029 3003 es
1048 2951 1121 3002 talus
1140 2964 1184 3002 la·

114 3022 147 3071 xi
157 3022 226 3072 lus.“

179 3087 240 3145 254.
272 3086 638 3155 Libenter11aleaserven.
657 3090 682 3141 l.

145 3158 235 3227 sodes]
255 3176 280 3211 v.
292 3158 421 3210 Nonium
437 3155 464 3209 h.
479 3174 505 3210 v.
522 3184 554 3195 ·-
571 3157 698 3211 Lindem.
714 3154 750 3209 ad
764 3156 856 3211 Plaut.
873 3159 954 3228 Capt.
975 3160 999 3224 1,
1014 3158 1041 3223 2,
1056 3159 1080 3210 1.
1100 3158 1181 3223 „So-

107 3228 169 3280 ἆυ
189 3246 224 3278 ex
235 3228 261 3279 si
273 3231 355 3279 audes
369 3229 439 3295 quod
450 3246 498 3294 pro
515 3228 540 3275 ai
552 3228 654 3278 audies.
679 3228 748 3277 Nam
759 3246 807 3294 pao
822 3229 915 3277 audire
932 3230 1079 3293 antiquitus
1094 3230 1122 3276 ia
1131 3245 1181 3277 usu

105 3296 310 3368 uidetursuisse
328 3299 425 3347 audere
445 3297 743 3365 terliaaorsiugatioae.
779 3296 908 3347 Similiter·
927 3314 1021 3366 parere
1043 3307 1068 3344 et
1089 3297 1181 3362 parire

106 3368 210 3417 dixisse
227 3368 351 3417 videnlur
369 3376 481 3430 veteres,
498 3364 546 3415 uls·
559 3367 656 3414 tersiae
671 3366 868 3431 coniugalioais
878 3364 974 3433 farma
996 3365 1180 3418 abliiiuil.“-

141 3434 246 3505 capsis]
266 3436 298 3486 V.
312 3433 427 3504 Quinct.
443 3437 468 3499 l,
487 3434 513 3501 5,
531 3434 575 3488 66.
593 3469 611 3499 ,,
621 3436 689 3484 Nam
705 3454 739 3483 ex
753 3434 836 3483 trilicis
850 3445 958 3484 nostrae
968 3435 1058 3500 uia'qae
1072 3431 1182 3501 liuguae

104 3521 158 3555 nan
172 3506 356 3555 concesserim:
388 3506 507 3573 quaracla
526 3505 649 3571 capsis
668 3504 757 3553 Cicero
777 3504 852 3552 dieas
880 3504 1049 3571 compositum
1070 3519 1125 3551 esse
1146 3519 1180 3550 ex

105 3591 192 3639 cape
209 3573 344 3694 ailulii.“
362 3600 396 3613 -
413 3573 463 3624 Est
475 3571 571 3641 potius
584 3570 757 3625 archaismus
771 3586 824 3641 pro
836 3574 982 3641 ceperis.
1000 3588 1026 3623 v.
1036 3568 1131 3640 Spald.
1142 3567 1180 3622 ad

136 3641 224 3695 oinct.
251 3680 259 3695 .
285 3679 293 3694 .

107 3640 222 3779 ρτινα]
241 3712 306 3761 sinii
319 3711 372 3764 Dr.

140 3778 218 3849 aia’]
236 3782 283 3830 aia
292 3799 339 3849 pro
357 3780 449 3830 aiassae
461 3779 514 3832 Dr.

104 3852 286 3971 Laiqairs
309 3868 358 3918 pra
378 3867 442 3900 aaa
467 3847 584 3919 quire]
603 3856 636 3900 ut
657 3845 764 3899 Ennius
791 3846 904 3901 locutus
923 3854 974 3901 est.
994 3863 1021 3899 r.
1048 3844 1121 3899 Vici.
1146 3847 1180 3902 V.

141 3988 202 4038 ‹leia
217 3955 296 4038 eliam
311 4007 388 4057 saepe
401 3986 472 4055 eiu]
493 3986 576 4038 Grut.
591 3986 658 4040 Ern.
672 3984 737 4038 Scir.
746 3984 797 4037 Or.
810 4012 845 4022 —
856 3986 950 4036 deirae
963 3986 1044 4035 eliam
1058 4003 1135 4055 saepe
1154 3995 1180 4035 el

103 4057 168 4107 exin
176 4075 226 4125 pro
240 4058 334 4106 exinde
349 4070 375 4107 et
386 4061 464 4123 proin
474 4074 523 4125 pro
531 4056 640 4123 proinde
653 4058 773 4105 dicimus.
790 4056 858 4108 Ven.
872 4056 897 4108 2.
911 4054 1019 4107 ΤιιῙ.-
1028 4056 1088 4104 deia
1102 4056 1179 4104 eliam

104 4144 186 4191 saepe
199 4136 228 4175 ut
240 4128 301 4176 exin
312 4144 361 4192 pro
376 4128 470 4176 deinde
482 4137 507 4175 el
521 4127 617 4175 exinde
630 4127 749 4174 dis-imas.
765 4124 821 4173 vit.
839 4150 873 4160 -
891 4124 984 4174 deinde
1003 4127 1083 4173 etiam
1102 4143 1180 4191 saepe

105 4208 132 4243 et
148 4196 210 4244 axia
221 4213 271 4262 pra
284 4196 345 4243 inde
359 4205 384 4243 el
395 4213 443 4261 pro
459 4196 554 4244 exinde
570 4195 682 4243 elicimus
696 4193 764 4243 Veu.
779 4194 802 4247 1.
825 4220 853 4230 -
870 4194 940 4242 Dein
957 4193 1039 4243 eliam
1061 4211 1138 4261 saepe
1153 4203 1179 4240 el

104 4266 169 4317 exia
181 4282 231 4333 pra
246 4266 339 4315 deinde
351 4275 376 4314 et
388 4282 437 4333 pro
450 4265 544 4314 exinde
558 4264 584 4314 d.
596 4262 648 4315 Dr.
661 4261 743 4318 Aldd.
754 4261 832 4318 Med.
844 4260 887 4314 lu.
903 4262 951 4315 Cr.
966 4260 1041 4315 via.
1053 4263 1175 4313 Man.-
