2692 5018
216 290 278 359 too
649 264 870 351 o'nt‘rott

216 437 274 506 sed
303 423 340 503 in
366 432 524 502 orationis
551 433 689 522 reliquis
719 433 896 524 postibus]
949 433 1032 504 Nam
1065 454 1142 501 cum
1167 433 1214 500 sis
1242 436 1296 502 his

148 612 151 621 ,
222 538 301 609 iocis
323 560 421 617 usus,
450 537 571 622 quibus
600 540 731 603 ostendi
755 539 871 617 licere,
900 537 1128 605 transferenda
1150 548 1223 603 tots
1241 540 1298 605 di-

222 641 289 710 ctio
312 652 364 704 cst
384 638 425 704 ad
448 637 523 719 itta,
558 660 644 724 quoe
665 639 772 706 nescio
794 662 872 716 cnr,
900 661 976 706 cum
1000 637 1122 706 Gracci
1142 638 1300 728 κόμματα

225 756 258 809 et
276 746 368 810 usito
387 739 582 820 nominent,
604 763 666 807 nos
686 764 753 807 non
776 752 866 807 recte
887 741 991 807 incisa
1011 753 1047 806 et
1066 742 1221 810 membra
1243 745 1302 810 di-

223 867 349 912 camus.
409 842 527 929 Neque
555 843 647 908 enim
672 865 742 908 esse
778 854 915 930 possunt
941 843 1039 909 rebus
1067 842 1189 928 ignotis
1217 857 1301 908 nota

223 943 377 1025 nomina,
397 942 454 1010 sed
477 963 554 1008 cum
576 944 683 1011 verba
702 956 760 1012 sut
779 946 953 1011 suavitatis
967 956 1024 1010 aut
1044 943 1176 1032 inopiae
1195 965 1303 1009 cansa

164 1056 168 1067 ’
223 1044 410 1115 transferre
436 1045 623 1125 soleamus,
657 1045 693 1111 in
722 1046 880 1113 omnibus
908 1047 972 1112 hoc
999 1045 1040 1110 fit
1066 1044 1213 1126 artibus,
1247 1058 1298 1128 ut,

224 1171 300 1216 cum
323 1147 356 1214 id
380 1149 617 1236 appellandum
639 1146 697 1227 sit,
732 1146 822 1233 quod
850 1159 992 1238 propter
1018 1168 1135 1212 rerum
1160 1146 1300 1232 ignora-

221 1252 347 1319 tionem
369 1251 517 1338 ipsarum
540 1251 670 1314 nullum
691 1249 848 1317 habuerit
869 1259 1100 1330 autonomon,
1121 1252 1300 1318 necessitas

222 1365 400 1442 cogat‘aut
422 1374 548 1418 novum
570 1350 681 1418 facore
703 1352 849 1417 verbum
872 1360 930 1414 aut
951 1374 972 1416 a
991 1351 1095 1415 simili
1116 1353 1276 1420 mutuari.

162 1475 204 1539 ⁶3
310 1452 390 1543 Quo
411 1466 524 1519 autem
553 1464 651 1542 pacto
679 1452 794 1517 deceat
820 1451 922 1517 incise
942 1453 1198 1520 membratimve
1219 1456 1297 1537 dici,

162 1559 297 1633 titiam
319 1555 524 1622 videbimuss
555 1576 661 1634 nunc,
678 1561 772 1640 'quot
802 1552 910 1620 modis
939 1565 1114 1622 mutentur
1140 1579 1296 1645 compre-

223 1661 400 1730 hensiones
424 1656 737 1741 conclusionesque,
758 1655 937 1722 dicendum
953 1666 1011 1720 est.
1055 1656 1297 1724 Fluitomoino

223 1783 385 1830 numerus
411 1782 432 1824 a
460 1759 570 1848 primo
598 1769 671 1821 tum
698 1755 865 1822 incitatius
886 1757 1051 1824 brevitate
1073 1761 1200 1846 pedum
1226 1771 1299 1826 tum

222 1863 426 1956 proceritate
446 1859 582 1927 tardius.
636 1858 782 1924 Cursum
805 1860 1035 1926 contentiones
1057 1863 1163 1946 magis
1184 1863 1299 1948 requi-

222 1979 320 2046 runt,
360 1961 583 2052 expositiones
612 1982 729 2027 rerum
759 1960 963 2028 tarditatem.
1026 1962 1147 2029 Insistit
1180 1975 1300 2030 autem

222 2070 370 2137 ambitus
391 2063 501 2131 modis
517 2062 684 2151 pluribus,
706 2084 725 2125 c
746 2061 867 2148 quibus
887 2086 994 2130 unum
1017 2076 1068 2129 est
1087 2077 1199 2131 secuta
1218 2066 1301 2131 Asia

223 2173 393 2244 maxime,
437 2164 496 2252 qui
523 2163 700 2230 dichoreus
736 2172 897 2242 vocotus,
939 2186 1019 2230 cum
1050 2166 1115 2231 duo
1150 2169 1311 2233 extremi*

227 2273 341 2345 chorei
363 2281 461 2348 sunt,
483 2267 516 2332 id
540 2277 606 2344 est,
628 2288 647 2329 e
668 2266 806 2351 singulis
825 2267 933 2353 longis
956 2279 989 2332 et
1010 2267 1194 2334 brevibus..
1222 2271 1300 2338 Ex-

227 2375 434 2466 planandum
462 2380 512 2436 est
538 2367 645 2448 enim,
675 2368 764 2454 quod
797 2367 839 2435 ab
872 2367 945 2436 aliis
974 2369 1074 2438 iidem
1104 2372 1206 2460 podes
1227 2371 1300 2439 aliis

227 2676 313 2732 tionis
326 2677 447 2732 formam
458 2694 516 2731 non
532 2675 582 2731 diu
598 2693 658 2731 csso
672 2673 864 2741 retinendam,
882 2692 933 2747 ego
948 2685 1042 2730 sutem
1059 2677 1142 2743 volo,
1158 2685 1192 2732 nt
1209 2679 1301 2732 omni·

226 2764 265 2800 no
278 2749 376 2801 nonin
392 2747 580 2818 peroratione,
598 2747 628 2798 in
645 2764 699 2816 qua
715 2755 808 2798 tsmcn
830 2746 888 2812 ipse
902 2748 1002 2799 Cicero
1024 2749 1149 2799 numeris
1169 2757 1211 2799 est
1224 2765 1301 2811 usus,

227 2816 256 2868 io
272 2816 338 2882 fist,
363 2818 410 2868 sed
424 2818 518 2887 potius
538 2816 567 2868 in
590 2816 725 2868 orationis
741 2815 792 2866 reli
814 2815 856 2866 uis
872 2817 1008 2882 portibus.
1045 2818 1151 2869 Omisit
1171 2821 1203 2869 L.
1223 2837 1302 2886 quam

227 2887 285 2953 ipse
299 2886 420 2966 includit.
440 2911 474 2925 -
494 2903 572 2967 quom
591 2888 676 2952 ipsam
692 2885 777 2967 clodit
792 2832 927 2936 galtelin.
948 2914 981 2926 ·-
1001 2905 1080 2955 quom
1095 2889 1151 2954 ipss
1167 2886 1237 2954 fissis
1257 2890 1302 2937 in-

229 2954 314 3073 01¹2th
320 2953 623 3090 lsoiiii·]-iisqi‘oacisq('2aetiarii
634 2953 739 3077 2²1⁰ng
750 2952 832 3074 (iiim.
854 3048 889 3062 -
905 3021 946 3071 isis
961 3022 1066 3074 inlotis
1082 3022 1117 3077 L.

262 3092 355 3160 qur'irus
368 3093 471 3142 ostendi
478 3099 486 3154 ]
512 3101 556 3159 qut
573 3095 677 3145 ostendi
699 3091 790 3143 liceret
804 3091 904 3145 Dr.—
919 3091 1010 3142 liceret
1023 3094 1091 3145 Veo.
1115 3096 1138 3148 1.
1153 3091 1268 3148 2.Mei.

227 3156 388 3286 vacuitatis
403 3173 428 3212 et
441 3161 531 3230 κοῖλα]
553 3157 684 3214 commocio
702 3171 728 3212 st
744 3158 815 3213 coilo
829 3158 908 3215 Med.
928 3188 961 3200 -
981 3174 1073 3213 vocant
1094 3179 1146 3232 pro
1170 3165 1303 3213 nominent

252 3244 294 3281 en.
331 3269 337 3281 .

262 3301 381 3350 dicamus
420 3299 535 3349 dicamus
551 3313 579 3348 tn
602 3293 694 3350 ‚TuL

261 3369 337 3419 rebus
351 3299 467 3434 igriotis]
485 3379 514 3417 sst
528 3312 602 3417 rebugs
617 3365 635 3415 i·
654 3367 724 3419 Vett.
738 3364 764 3417 2.
779 3362 844 3416 Tul.

262 3450 309 3487 aut
323 3434 445 3504 inopiae]
463 3446 492 3486 ot
505 3437 611 3502 inopiae
627 3430 736 3502 Gryph.
751 3435 775 3487 1.

261 3504 378 3572 hos-fit]
397 3521 455 3556 om.
470 3504 519 3554 hoc
540 3501 595 3555 vit.

261 3593 321 3628 eum
334 3575 380 3637 id]
400 3590 457 3626 om.
470 3575 499 3623 id
510 3577 580 3626 Vsn.
601 3575 625 3627 1.
636 3573 663 3627 2.
677 3569 742 3624 Tul.

227 3645 363 3767 mangot}
384 3643 548 3694 necessitatis
570 3643 643 3710 cogit
661 3642 767 3695 Dr.·-
791 3638 864 3711 cogit
882 3637 937 3693 vit.
958 3640 1029 3698 Von.
1051 3643 1075 3696 1.
1093 3643 1119 3696 2.
1144 3640 1224 3695 Med.
1241 3643 1303 3695 Tul.

283 3714 426 3850 gisoiis.
460 3781 521 3836 212
555 3789 611 3830 tum
624 3777 786 3846 incitatius]
810 3796 868 3830 cum
887 3778 939 3833 irsc.
957 3779 990 3831 L.
1010 3808 1044 3818 -
1063 3781 1191 3831 incitatus
1206 3780 1303 3834 Rufio.

227 3866 255 3921 p.
271 3849 346 3903 1718.
366 3850 426 3901 Put.

261 3918 384 3984 tordius]
402 3919 494 3967 tardus
506 3910 573 3971 Rui.
586 3933 633 3986 sp.
647 3914 721 3968 Pith.

262 3987 346 4040 modis
356 3985 496 4054 pluribus]
513 3989 623 4054 pedibus
640 3986 679 4056 pt.
696 3986 727 4037 L.

261 4055 308 4126 qui
321 4054 457 4107 dichoreus
470 4063 596 4120 vocatur]
615 4056 661 4126 qui
673 4055 810 4123 διχορεῖος
825 4064 934 4105 vocatur
945 4052 1040 4124 steph.
1055 4055 1114 4111 Cic.
1126 4053 1195 4111 [ss.
1215 4055 1253 4110 G.
1271 4057 1302 4110 1..

228 4140 258 4194 p.
277 4124 336 4179 156.

263 4194 315 4244 sluo
328 4192 440 4245 extremi
449 4196 463 4257 ]
480 4193 531 4244 siuo
546 4192 635 4244 chorei
652 4194 762 4243 extremi
781 4190 849 4247 ttof.

263 4259 482 4332 esplanandum]
503 4261 692 4332 explorantium
705 4273 743 4314 est
758 4262 826 4314 srsim
841 4263 909 4330 quod
921 4262 955 4314 ab
970 4261 1027 4314 iltis
1045 4263 1126 4316 iidem
1143 4263 1226 4333 peiles
1239 4263 1303 4316 aliis
