<?xml version="1.0" encoding="UTF-8"?>
<!DOCTYPE html PUBLIC "-//W3C//DTD XHTML 1.0 Transitional//EN"
    "http://www.w3.org/TR/xhtml1/DTD/xhtml1-transitional.dtd">
<html xmlns="http://www.w3.org/1999/xhtml" xml:lang="en" lang="en">
 <head>
  <title>
</title>
<meta http-equiv="Content-Type" content="text/html;charset=utf-8" />
  <meta name='ocr-system' content='tesseract 3.04.00' />
  <meta name='ocr-capabilities' content='ocr_page ocr_carea ocr_par ocr_line ocrx_word'/>
</head>
<body>
  <div class='ocr_page' id='page_1' title='image "./mtulliiciceroni00cicegoog_0131.png"; bbox 0 0 2692 5018; ppageno 0'>
   <div class='ocr_carea' id='block_1_1' title="bbox 155 274 847 363">
    <p class='ocr_par' dir='ltr' id='par_1_1' title="bbox 155 274 847 363">
     <span class='ocr_line' id='line_1_1' title="bbox 155 274 847 363; baseline -0.025 0"><span class='ocrx_word' id='word_1_1' title='bbox 155 301 217 363; x_wconf 76' lang='lat'><strong>102</strong></span> <span class='ocrx_word' id='word_1_2' title='bbox 398 338 402 345; x_wconf 86' lang='lat'>-</span> <span class='ocrx_word' id='word_1_3' title='bbox 587 281 809 350; x_wconf 78' lang='lat' dir='ltr'><strong>ORATOR</strong></span> <span class='ocrx_word' id='word_1_4' title='bbox 843 274 847 283; x_wconf 81' lang='lat'>&#39;</span> 
     </span>
    </p>
   </div>
   <div class='ocr_carea' id='block_1_2' title="bbox 74 427 1237 1341">
    <p class='ocr_par' dir='ltr' id='par_1_2' title="bbox 74 427 1237 1341">
     <span class='ocr_line' id='line_1_2' title="bbox 156 427 1229 526; baseline -0.014 -17"><span class='ocrx_word' id='word_1_5' title='bbox 156 442 237 522; x_wconf 76' lang='lat' dir='ltr'><strong>cuit,</strong></span> <span class='ocrx_word' id='word_1_6' title='bbox 259 437 445 518; x_wconf 75' lang='lat' dir='ltr'><strong>consuevit,</strong></span> <span class='ocrx_word' id='word_1_7' title='bbox 468 437 676 526; x_wconf 74' lang='lat' dir='ltr'><strong><em>concrepuit,</em></strong></span> <span class='ocrx_word' id='word_1_8' title='bbox 699 431 867 524; x_wconf 82' lang='lat' dir='ltr'><strong>confecit.-</strong></span> <span class='ocrx_word' id='word_1_9' title='bbox 886 432 1020 498; x_wconf 85' lang='lat' dir='ltr'><strong>consule</strong></span> <span class='ocrx_word' id='word_1_10' title='bbox 1042 427 1229 504; x_wconf 86' lang='lat' dir='ltr'><strong>veritatem,</strong></span> 
     </span>
     <span class='ocr_line' id='line_1_3' title="bbox 157 533 1230 634; baseline -0.012 -23"><span class='ocrx_word' id='word_1_11' title='bbox 157 542 397 634; x_wconf 74' lang='lat' dir='ltr'><strong>reprehendet:</strong></span> <span class='ocrx_word' id='word_1_12' title='bbox 425 539 515 605; x_wconf 84' lang='lat' dir='ltr'><strong>refer</strong></span> <span class='ocrx_word' id='word_1_13' title='bbox 538 539 577 604; x_wconf 84' lang='lat' dir='ltr'><strong>ad</strong></span> <span class='ocrx_word' id='word_1_14' title='bbox 602 562 716 617; x_wconf 83' lang='lat' dir='ltr'><strong>aures,</strong></span> <span class='ocrx_word' id='word_1_15' title='bbox 738 535 940 624; x_wconf 87' lang='lat' dir='ltr'><strong>probabunt.</strong></span> <span class='ocrx_word' id='word_1_16' title='bbox 986 533 1123 622; x_wconf 83' lang='lat' dir='ltr'><strong>Quaere</strong></span> <span class='ocrx_word' id='word_1_17' title='bbox 1145 534 1230 600; x_wconf 79' lang='lat' dir='ltr'><strong>curi</strong></span> 
     </span>
     <span class='ocr_line' id='line_1_4' title="bbox 74 637 1232 726; baseline -0.009 -14"><span class='ocrx_word' id='word_1_18' title='bbox 74 711 78 719; x_wconf 91' lang='grc'><em>,</em></span> <span class='ocrx_word' id='word_1_19' title='bbox 158 649 206 712; x_wconf 86' lang='lat' dir='ltr'><strong>ita</strong></span> <span class='ocrx_word' id='word_1_20' title='bbox 230 667 266 710; x_wconf 82' lang='lat' dir='ltr'><strong>eo</strong></span> <span class='ocrx_word' id='word_1_21' title='bbox 291 645 401 710; x_wconf 90' lang='lat' dir='ltr'><strong>dicent</strong></span> <span class='ocrx_word' id='word_1_22' title='bbox 426 641 548 708; x_wconf 88' lang='lat' dir='ltr'><strong>iuvari.</strong></span> <span class='ocrx_word' id='word_1_23' title='bbox 591 642 763 726; x_wconf 70' lang='lat' dir='ltr'><strong>Voluptati</strong></span> <span class='ocrx_word' id='word_1_24' title='bbox 786 649 899 702; x_wconf 85' lang='lat' dir='ltr'><strong>autem</strong></span> <span class='ocrx_word' id='word_1_25' title='bbox 925 637 1057 699; x_wconf 85' lang='lat' dir='ltr'><strong>aurium</strong></span> <span class='ocrx_word' id='word_1_26' title='bbox 1081 637 1232 721; x_wconf 86' lang='lat' dir='ltr'><strong>morige-</strong></span> 
     </span>
     <span class='ocr_line' id='line_1_5' title="bbox 100 736 1233 831; baseline -0.01 -19"><span class='ocrx_word' id='word_1_27' title='bbox 100 746 232 814; x_wconf 74' lang='lat' dir='ltr'><strong>iterari</strong></span> <span class='ocrx_word' id='word_1_28' title='bbox 252 745 351 810; x_wconf 83' lang='lat' dir='ltr'><strong>debet</strong></span> <span class='ocrx_word' id='word_1_29' title='bbox 372 745 489 811; x_wconf 89' lang='lat' dir='ltr'><strong>oratio.</strong></span> <span class='ocrx_word' id='word_1_30' title='bbox 533 742 629 831; x_wconf 89' lang='lat' dir='ltr'><strong>Quin</strong></span> <span class='ocrx_word' id='word_1_31' title='bbox 651 764 712 828; x_wconf 84' lang='lat' dir='ltr'><strong>ego</strong></span> <span class='ocrx_word' id='word_1_32' title='bbox 733 742 822 828; x_wconf 82' lang='lat' dir='ltr'><strong>ipse,</strong></span> <span class='ocrx_word' id='word_1_33' title='bbox 846 761 922 801; x_wconf 86' lang='lat' dir='ltr'><strong>cum</strong></span> <span class='ocrx_word' id='word_1_34' title='bbox 947 737 1065 800; x_wconf 78' lang='lat' dir='ltr'><strong>scirem</strong></span> <span class='ocrx_word' id='word_1_35' title='bbox 1085 736 1132 801; x_wconf 86' lang='lat' dir='ltr'><strong>ita</strong></span> <span class='ocrx_word' id='word_1_36' title='bbox 1158 762 1233 803; x_wconf 88' lang='lat' dir='ltr'><strong>ma-</strong></span> 
     </span>
     <span class='ocr_line' id='line_1_6' title="bbox 159 839 1234 935; baseline -0.007 -23"><span class='ocrx_word' id='word_1_37' title='bbox 159 849 248 913; x_wconf 84' lang='lat' dir='ltr'><strong>iores</strong></span> <span class='ocrx_word' id='word_1_38' title='bbox 267 848 395 912; x_wconf 87' lang='lat' dir='ltr'><strong>locutos</strong></span> <span class='ocrx_word' id='word_1_39' title='bbox 412 869 498 924; x_wconf 87' lang='lat' dir='ltr'><strong>esse,</strong></span> <span class='ocrx_word' id='word_1_40' title='bbox 520 858 560 910; x_wconf 87' lang='lat' dir='ltr'><strong>ut</strong></span> <span class='ocrx_word' id='word_1_41' title='bbox 575 866 740 929; x_wconf 83' lang='lat' dir='ltr'>nusquam</span> <span class='ocrx_word' id='word_1_42' title='bbox 763 840 829 905; x_wconf 86' lang='lat' dir='ltr'><strong>nisi</strong></span> <span class='ocrx_word' id='word_1_43' title='bbox 850 840 884 904; x_wconf 89' lang='lat' dir='ltr'><strong>in</strong></span> <span class='ocrx_word' id='word_1_44' title='bbox 903 839 1007 902; x_wconf 82' lang='lat' dir='ltr'><strong>vocali</strong></span> <span class='ocrx_word' id='word_1_45' title='bbox 1029 839 1234 935; x_wconf 59' lang='lat' dir='ltr'><strong>aspiratione</strong></span> 
     </span>
     <span class='ocr_line' id='line_1_7' title="bbox 158 941 1234 1033; baseline -0.006 -19"><span class='ocrx_word' id='word_1_46' title='bbox 158 961 355 1030; x_wconf 87' lang='lat' dir='ltr'><strong>uterentur,</strong></span> <span class='ocrx_word' id='word_1_47' title='bbox 379 947 540 1033; x_wconf 84' lang='lat' dir='ltr'><strong>loquebar</strong></span> <span class='ocrx_word' id='word_1_48' title='bbox 560 947 608 1011; x_wconf 83' lang='lat' dir='ltr'><strong>eic</strong></span> <span class='ocrx_word' id='word_1_49' title='bbox 625 960 662 1010; x_wconf 83' lang='lat' dir='ltr'><strong>ut</strong></span> <span class='ocrx_word' id='word_1_50' title='bbox 678 945 834 1032; x_wconf 79' lang='lat' dir='ltr'><strong>patiarne,</strong></span> <span class='ocrx_word' id='word_1_51' title='bbox 866 941 1026 1030; x_wconf 74' lang='lat' dir='ltr'><strong>colegno,</strong></span> <span class='ocrx_word' id='word_1_52' title='bbox 1052 943 1234 1031; x_wconf 80' lang='lat' dir='ltr'><strong>triumpos,</strong></span> 
     </span>
     <span class='ocr_line' id='line_1_8' title="bbox 162 1044 1236 1140; baseline -0.007 -22"><span class='ocrx_word' id='word_1_53' title='bbox 162 1051 386 1140; x_wconf 79' lang='lat' dir='ltr'><em>Cartaginem</em></span> <span class='ocrx_word' id='word_1_54' title='bbox 413 1049 576 1113; x_wconf 82' lang='lat' dir='ltr'><strong>dicerem:</strong></span> <span class='ocrx_word' id='word_1_55' title='bbox 628 1045 808 1132; x_wconf 83' lang='lat' dir='ltr'><strong>aliquando</strong></span> <span class='ocrx_word' id='word_1_56' title='bbox 842 1044 946 1128; x_wconf 83' lang='lat' dir='ltr'><strong>idque</strong></span> <span class='ocrx_word' id='word_1_57' title='bbox 974 1064 1049 1108; x_wconf 81' lang='lat' dir='ltr'><strong>sero</strong></span> <span class='ocrx_word' id='word_1_58' title='bbox 1085 1047 1236 1112; x_wconf 86' lang='lat' dir='ltr'><strong>convicio</strong></span> 
     </span>
     <span class='ocr_line' id='line_1_9' title="bbox 160 1146 1237 1232; baseline -0.006 -13"><span class='ocrx_word' id='word_1_59' title='bbox 160 1154 294 1219; x_wconf 77' lang='lat' dir='ltr'><strong>aurium</strong></span> <span class='ocrx_word' id='word_1_60' title='bbox 318 1175 395 1217; x_wconf 83' lang='lat' dir='ltr'><strong>cum</strong></span> <span class='ocrx_word' id='word_1_61' title='bbox 421 1163 551 1216; x_wconf 82' lang='lat' dir='ltr'><strong>extorta</strong></span> <span class='ocrx_word' id='word_1_62' title='bbox 577 1148 660 1213; x_wconf 89' lang='lat' dir='ltr'><strong>mihi</strong></span> <span class='ocrx_word' id='word_1_63' title='bbox 683 1147 811 1214; x_wconf 85' lang='lat' dir='ltr'><strong>veritae</strong></span> <span class='ocrx_word' id='word_1_64' title='bbox 828 1154 927 1222; x_wconf 84' lang='lat' dir='ltr'><strong>esset,</strong></span> <span class='ocrx_word' id='word_1_65' title='bbox 950 1167 1048 1209; x_wconf 81' lang='lat' dir='ltr'><strong>usum</strong></span> <span class='ocrx_word' id='word_1_66' title='bbox 1073 1146 1237 1232; x_wconf 84' lang='lat' dir='ltr'><strong>loquendi</strong></span> 
     </span>
     <span class='ocr_line' id='line_1_10' title="bbox 160 1246 1237 1341; baseline -0.004 -24"><span class='ocrx_word' id='word_1_67' title='bbox 160 1255 286 1341; x_wconf 85' lang='lat' dir='ltr'><strong>populo</strong></span> <span class='ocrx_word' id='word_1_68' title='bbox 313 1251 474 1332; x_wconf 87' lang='lat' dir='ltr'>concessi,</span> <span class='ocrx_word' id='word_1_69' title='bbox 502 1250 674 1317; x_wconf 78' lang='lat' dir='ltr'><strong>scientiam</strong></span> <span class='ocrx_word' id='word_1_70' title='bbox 697 1250 746 1318; x_wconf 83' lang='lat' dir='ltr'><strong>rei</strong></span> <span class='ocrx_word' id='word_1_71' title='bbox 767 1247 851 1329; x_wconf 84' lang='lat' dir='ltr'><strong>mihi</strong></span> <span class='ocrx_word' id='word_1_72' title='bbox 873 1247 1049 1312; x_wconf 79' lang='lat' dir='ltr'><strong>reservavi.</strong></span> <span class='ocrx_word' id='word_1_73' title='bbox 1076 1246 1237 1316; x_wconf 87' lang='lat' dir='ltr'><strong>Orciaioo</strong></span> 
     </span>
    </p>
   </div>
   <div class='ocr_carea' id='block_1_3' title="bbox 163 1447 368 1463">
    <p class='ocr_par' dir='ltr' id='par_1_3' title="bbox 163 1447 368 1463">
     <span class='ocr_line' id='line_1_11' title="bbox 163 1447 368 1463; baseline 0.005 -1"><span class='ocrx_word' id='word_1_74' title='bbox 163 1447 368 1463; x_wconf 49' lang='lat'><strong>*—</strong></span> 
     </span>
    </p>
   </div>
   <div class='ocr_carea' id='block_1_4' title="bbox 72 1568 1251 4326">
    <p class='ocr_par' dir='ltr' id='par_1_4' title="bbox 72 1568 1251 3759">
     <span class='ocr_line' id='line_1_12' title="bbox 168 1568 1236 1643; baseline 0.001 -18"><span class='ocrx_word' id='word_1_75' title='bbox 168 1576 223 1625; x_wconf 86' lang='lat' dir='ltr'><strong>Set</strong></span> <span class='ocrx_word' id='word_1_76' title='bbox 239 1575 264 1622; x_wconf 83' lang='lat' dir='ltr'><strong><em>F</em></strong></span> <span class='ocrx_word' id='word_1_77' title='bbox 270 1571 397 1640; x_wconf 72' lang='lat' dir='ltr'><strong>litteram,</strong></span> <span class='ocrx_word' id='word_1_78' title='bbox 411 1568 768 1641; x_wconf 82' lang='lat' dir='ltr'><strong>videamuoqreem&#39;ndmodam</strong></span> <span class='ocrx_word' id='word_1_79' title='bbox 776 1572 994 1641; x_wconf 71' lang='lat' dir='ltr'><strong>pronunciantur.</strong></span> <span class='ocrx_word' id='word_1_80' title='bbox 1018 1569 1089 1624; x_wconf 83' lang='lat' dir='ltr'><strong>Nam</strong></span> <span class='ocrx_word' id='word_1_81' title='bbox 1095 1592 1151 1624; x_wconf 85' lang='lat' dir='ltr'><strong>eune</strong></span> <span class='ocrx_word' id='word_1_82' title='bbox 1160 1575 1236 1643; x_wconf 81' lang='lat' dir='ltr'><strong>ipro·</strong></span> 
     </span>
     <span class='ocr_line' id='line_1_13' title="bbox 171 1641 1235 1712; baseline 0.003 -21"><span class='ocrx_word' id='word_1_83' title='bbox 171 1661 227 1693; x_wconf 88' lang='lat' dir='ltr'><strong>rum</strong></span> <span class='ocrx_word' id='word_1_84' title='bbox 241 1654 337 1691; x_wconf 75' lang='lat' dir='ltr'><strong>narrare</strong></span> <span class='ocrx_word' id='word_1_85' title='bbox 347 1644 429 1693; x_wconf 79' lang='lat' dir='ltr'><strong>brevia</strong></span> <span class='ocrx_word' id='word_1_86' title='bbox 442 1644 487 1707; x_wconf 86' lang='lat' dir='ltr'><strong>eit,</strong></span> <span class='ocrx_word' id='word_1_87' title='bbox 502 1654 590 1694; x_wconf 84' lang='lat' dir='ltr'><strong>tamen</strong></span> <span class='ocrx_word' id='word_1_88' title='bbox 601 1647 625 1690; x_wconf 89' lang='lat' dir='ltr'><strong>ei</strong></span> <span class='ocrx_word' id='word_1_89' title='bbox 634 1652 776 1709; x_wconf 77' lang='lat' dir='ltr'><strong>aequantur</strong></span> <span class='ocrx_word' id='word_1_90' title='bbox 786 1660 867 1710; x_wconf 81' lang='lat' dir='ltr'><strong>cupra</strong></span> <span class='ocrx_word' id='word_1_91' title='bbox 876 1644 965 1691; x_wconf 85' lang='lat' dir='ltr'><strong>dietae</strong></span> <span class='ocrx_word' id='word_1_92' title='bbox 979 1641 1082 1708; x_wconf 85' lang='lat' dir='ltr'><strong>literae,</strong></span> <span class='ocrx_word' id='word_1_93' title='bbox 1088 1643 1235 1712; x_wconf 82' lang='lat' dir='ltr'><strong>plerumque</strong></span> 
     </span>
     <span class='ocr_line' id='line_1_14' title="bbox 171 1707 1236 1779; baseline 0.002 -19"><span class='ocrx_word' id='word_1_94' title='bbox 171 1712 198 1760; x_wconf 85' lang='lat' dir='ltr'><strong>in</strong></span> <span class='ocrx_word' id='word_1_95' title='bbox 207 1707 397 1779; x_wconf 80' lang='lat' dir='ltr'><strong>longitudinem</strong></span> <span class='ocrx_word' id='word_1_96' title='bbox 411 1713 517 1776; x_wconf 72' lang='lat' dir='ltr'><strong>transit,</strong></span> <span class='ocrx_word' id='word_1_97' title='bbox 532 1722 563 1761; x_wconf 89' lang='lat' dir='ltr'><strong>ut</strong></span> <span class='ocrx_word' id='word_1_98' title='bbox 578 1728 636 1761; x_wconf 84' lang='lat' dir='ltr'><strong>cum</strong></span> <span class='ocrx_word' id='word_1_99' title='bbox 649 1711 760 1760; x_wconf 81' lang='lat' dir='ltr'><strong>dieirnuo</strong></span> <span class='ocrx_word' id='word_1_100' title='bbox 769 1729 817 1777; x_wconf 79' lang='lat' dir='ltr'><strong>quo</strong></span> <span class='ocrx_word' id='word_1_101' title='bbox 827 1718 859 1761; x_wconf 85' lang='lat' dir='ltr'><strong>ott</strong></span> <span class='ocrx_word' id='word_1_102' title='bbox 869 1709 1008 1774; x_wconf 69' lang='lat' dir='ltr'><strong>confacio,</strong></span> <span class='ocrx_word' id='word_1_103' title='bbox 1017 1711 1165 1778; x_wconf 76' lang='lat' dir='ltr'><strong>coneilium,</strong></span> <span class='ocrx_word' id='word_1_104' title='bbox 1176 1732 1236 1762; x_wconf 86' lang='lat' dir='ltr'><strong>eon-</strong></span> 
     </span>
     <span class='ocr_line' id='line_1_15' title="bbox 172 1777 1237 1848; baseline 0.004 -21"><span class='ocrx_word' id='word_1_105' title='bbox 172 1777 247 1828; x_wconf 86' lang='lat' dir='ltr'><strong>enlit.</strong></span> <span class='ocrx_word' id='word_1_106' title='bbox 269 1779 310 1828; x_wconf 87' lang='lat' dir='ltr'><strong>hie</strong></span> <span class='ocrx_word' id='word_1_107' title='bbox 328 1782 395 1829; x_wconf 86' lang='lat' dir='ltr'><strong>enirn</strong></span> <span class='ocrx_word' id='word_1_108' title='bbox 415 1779 481 1831; x_wconf 78' lang='lat' dir='ltr'><strong>loric</strong></span> <span class='ocrx_word' id='word_1_109' title='bbox 495 1780 710 1847; x_wconf 80' lang='lat' dir='ltr'><strong>pronunciandae</strong></span> <span class='ocrx_word' id='word_1_110' title='bbox 730 1792 790 1828; x_wconf 83' lang='lat' dir='ltr'><strong>cunt</strong></span> <span class='ocrx_word' id='word_1_111' title='bbox 810 1791 839 1829; x_wconf 88' lang='lat' dir='ltr'><strong>ut</strong></span> <span class='ocrx_word' id='word_1_112' title='bbox 858 1779 969 1848; x_wconf 81' lang='lat' dir='ltr'><strong>longae,</strong></span> <span class='ocrx_word' id='word_1_113' title='bbox 994 1780 1120 1830; x_wconf 69' lang='lat' dir='ltr'><strong>similiter</strong></span> <span class='ocrx_word' id='word_1_114' title='bbox 1140 1781 1237 1847; x_wconf 77' lang='lat' dir='ltr'><strong>inercia,</strong></span> 
     </span>
     <span class='ocr_line' id='line_1_16' title="bbox 175 1845 1189 1920; baseline 0.006 -24"><span class='ocrx_word' id='word_1_115' title='bbox 175 1845 279 1915; x_wconf 71' lang='lat' dir='ltr'><strong>insula:</strong></span> <span class='ocrx_word' id='word_1_116' title='bbox 300 1852 367 1916; x_wconf 81' lang='lat' dir='ltr'><strong>quod</strong></span> <span class='ocrx_word' id='word_1_117' title='bbox 379 1850 466 1918; x_wconf 76' lang='lat' dir='ltr'><strong>megin</strong></span> <span class='ocrx_word' id='word_1_118' title='bbox 480 1851 583 1899; x_wconf 77' lang='lat' dir='ltr'><strong>narium</strong></span> <span class='ocrx_word' id='word_1_119' title='bbox 597 1849 697 1898; x_wconf 80' lang='lat' dir='ltr'><strong>iudicio</strong></span> <span class='ocrx_word' id='word_1_120' title='bbox 713 1865 792 1916; x_wconf 78' lang='lat' dir='ltr'><strong>quam</strong></span> <span class='ocrx_word' id='word_1_121' title='bbox 807 1849 879 1898; x_wconf 89' lang='lat' dir='ltr'><strong>artie</strong></span> <span class='ocrx_word' id='word_1_122' title='bbox 891 1852 994 1900; x_wconf 85' lang='lat' dir='ltr'><strong>rarione</strong></span> <span class='ocrx_word' id='word_1_123' title='bbox 1005 1848 1189 1920; x_wconf 60' lang='lat' dir='ltr'><strong>eollr&#39;gimuef‘</strong></span> 
     </span>
     <span class='ocr_line' id='line_1_17' title="bbox 208 1916 524 1986; baseline 0.006 -20"><span class='ocrx_word' id='word_1_124' title='bbox 208 1919 354 1986; x_wconf 73' lang='lat' dir='ltr'><strong>concrevit]</strong></span> <span class='ocrx_word' id='word_1_125' title='bbox 375 1933 431 1970; x_wconf 88' lang='lat' dir='ltr'><strong>om.</strong></span> <span class='ocrx_word' id='word_1_126' title='bbox 450 1916 524 1968; x_wconf 86' lang='lat' dir='ltr'><strong>Geli.</strong></span> 
     </span>
     <span class='ocr_line' id='line_1_18' title="bbox 208 1984 565 2055; baseline 0 -19"><span class='ocrx_word' id='word_1_127' title='bbox 208 1984 338 2055; x_wconf 81' lang='lat' dir='ltr'><strong>confecit]</strong></span> <span class='ocrx_word' id='word_1_128' title='bbox 358 1985 490 2037; x_wconf 83' lang='lat' dir='ltr'><strong>eanrreluit</strong></span> <span class='ocrx_word' id='word_1_129' title='bbox 503 1990 565 2042; x_wconf 86' lang='lat' dir='ltr'><strong>vet.</strong></span> 
     </span>
     <span class='ocr_line' id='line_1_19' title="bbox 208 2052 1094 2124; baseline 0.005 -20"><span class='ocrx_word' id='word_1_130' title='bbox 208 2053 313 2106; x_wconf 82' lang='lat' dir='ltr'><strong>eoneule</strong></span> <span class='ocrx_word' id='word_1_131' title='bbox 326 2054 476 2122; x_wconf 81' lang='lat' dir='ltr'><strong>veritatem]</strong></span> <span class='ocrx_word' id='word_1_132' title='bbox 491 2052 600 2106; x_wconf 71' lang='lat' dir='ltr'><strong>consule</strong></span> <span class='ocrx_word' id='word_1_133' title='bbox 610 2073 698 2105; x_wconf 85' lang='lat' dir='ltr'><strong>verum</strong></span> <span class='ocrx_word' id='word_1_134' title='bbox 715 2063 802 2105; x_wconf 89' lang='lat' dir='ltr'><strong>tamen</strong></span> <span class='ocrx_word' id='word_1_135' title='bbox 819 2053 986 2124; x_wconf 76' lang='lat' dir='ltr'><strong>reprehendet</strong></span> <span class='ocrx_word' id='word_1_136' title='bbox 999 2054 1052 2108; x_wconf 81' lang='lat' dir='ltr'><strong>vtt.</strong></span> <span class='ocrx_word' id='word_1_137' title='bbox 1067 2083 1094 2096; x_wconf 90' lang='lat'><em>-</em></span> 
     </span>
     <span class='ocr_line' id='line_1_20' title="bbox 207 2122 708 2192; baseline 0.002 -19"><span class='ocrx_word' id='word_1_138' title='bbox 207 2122 389 2192; x_wconf 74' lang='lat' dir='ltr'><strong>reprehendet]</strong></span> <span class='ocrx_word' id='word_1_139' title='bbox 407 2125 590 2189; x_wconf 81' lang='lat' dir='ltr'><strong>reprehendent</strong></span> <span class='ocrx_word' id='word_1_140' title='bbox 603 2122 664 2177; x_wconf 75' lang='lat' dir='ltr'><strong>ald.</strong></span> <span class='ocrx_word' id='word_1_141' title='bbox 683 2126 708 2178; x_wconf 76' lang='grc'><strong>2.</strong></span> 
     </span>
     <span class='ocr_line' id='line_1_21' title="bbox 206 2192 577 2261; baseline 0.013 -21"><span class='ocrx_word' id='word_1_142' title='bbox 206 2192 372 2261; x_wconf 80' lang='lat' dir='ltr'><strong>probabunt]</strong></span> <span class='ocrx_word' id='word_1_143' title='bbox 391 2193 511 2252; x_wconf 79' lang='lat' dir='ltr'><strong>probavit</strong></span> <span class='ocrx_word' id='word_1_144' title='bbox 525 2194 577 2245; x_wconf 96' lang='lat' dir='ltr'><strong>Dr.</strong></span> 
     </span>
     <span class='ocr_line' id='line_1_22' title="bbox 209 2259 1245 2330; baseline 0.005 -21"><span class='ocrx_word' id='word_1_145' title='bbox 209 2261 321 2330; x_wconf 84' lang='lat' dir='ltr'><strong>quaere]</strong></span> <span class='ocrx_word' id='word_1_146' title='bbox 341 2279 421 2330; x_wconf 85' lang='lat' dir='ltr'><strong>quare</strong></span> <span class='ocrx_word' id='word_1_147' title='bbox 433 2259 486 2314; x_wconf 88' lang='lat' dir='ltr'><strong>Vit.</strong></span> <span class='ocrx_word' id='word_1_148' title='bbox 501 2261 578 2316; x_wconf 82' lang='lat' dir='ltr'><strong>Med.</strong></span> <span class='ocrx_word' id='word_1_149' title='bbox 593 2264 662 2314; x_wconf 76' lang='lat' dir='ltr'><strong>Ven-</strong></span> <span class='ocrx_word' id='word_1_150' title='bbox 678 2262 704 2314; x_wconf 73' lang='grc'><strong>2.</strong></span> <span class='ocrx_word' id='word_1_151' title='bbox 717 2289 751 2301; x_wconf 93' lang='grc'>-</span> <span class='ocrx_word' id='word_1_152' title='bbox 768 2279 849 2328; x_wconf 83' lang='lat' dir='ltr'><strong>quare</strong></span> <span class='ocrx_word' id='word_1_153' title='bbox 861 2280 908 2311; x_wconf 85' lang='lat' dir='ltr'><strong>eur</strong></span> <span class='ocrx_word' id='word_1_154' title='bbox 920 2262 962 2311; x_wconf 89' lang='lat' dir='ltr'><strong>ita</strong></span> <span class='ocrx_word' id='word_1_155' title='bbox 976 2263 1011 2312; x_wconf 88' lang='lat' dir='ltr'><strong>eit</strong></span> <span class='ocrx_word' id='word_1_156' title='bbox 1027 2280 1056 2313; x_wconf 89' lang='lat' dir='ltr'><strong>ee</strong></span> <span class='ocrx_word' id='word_1_157' title='bbox 1069 2261 1154 2312; x_wconf 82' lang='lat' dir='ltr'><strong>dicent</strong></span> <span class='ocrx_word' id='word_1_158' title='bbox 1168 2264 1245 2314; x_wconf 87' lang='lat' dir='ltr'><strong>iuva·</strong></span> 
     </span>
     <span class='ocr_line' id='line_1_23' title="bbox 176 2329 1245 2399; baseline 0.003 -20"><span class='ocrx_word' id='word_1_159' title='bbox 176 2330 201 2379; x_wconf 90' lang='lat' dir='ltr'><strong>ri</strong></span> <span class='ocrx_word' id='word_1_160' title='bbox 216 2330 281 2384; x_wconf 88' lang='lat' dir='ltr'><strong>Tul.</strong></span> <span class='ocrx_word' id='word_1_161' title='bbox 296 2360 329 2370; x_wconf 88' lang='lat'><strong>—</strong></span> <span class='ocrx_word' id='word_1_162' title='bbox 345 2337 423 2399; x_wconf 83' lang='lat' dir='ltr'><strong>quare</strong></span> <span class='ocrx_word' id='word_1_163' title='bbox 434 2347 480 2381; x_wconf 82' lang='lat' dir='ltr'><strong>eur</strong></span> <span class='ocrx_word' id='word_1_164' title='bbox 493 2333 535 2381; x_wconf 84' lang='lat' dir='ltr'><strong>ita</strong></span> <span class='ocrx_word' id='word_1_165' title='bbox 549 2332 573 2379; x_wconf 86' lang='lat' dir='ltr'><strong>ei</strong></span> <span class='ocrx_word' id='word_1_166' title='bbox 587 2331 674 2380; x_wconf 83' lang='lat' dir='ltr'><strong>dicent</strong></span> <span class='ocrx_word' id='word_1_167' title='bbox 689 2329 707 2380; x_wconf 85' lang='lat' dir='ltr'><strong>l·</strong></span> <span class='ocrx_word' id='word_1_168' title='bbox 723 2330 774 2382; x_wconf 88' lang='lat' dir='ltr'><strong>Dr.</strong></span> <span class='ocrx_word' id='word_1_169' title='bbox 787 2358 822 2370; x_wconf 88' lang='lat'>—</span> <span class='ocrx_word' id='word_1_170' title='bbox 834 2350 928 2397; x_wconf 68' lang='lat' dir='ltr'><strong>qreaere</strong></span> <span class='ocrx_word' id='word_1_171' title='bbox 945 2348 992 2382; x_wconf 86' lang='lat' dir='ltr'><strong>eur</strong></span> <span class='ocrx_word' id='word_1_172' title='bbox 1010 2331 1072 2384; x_wconf 79' lang='lat' dir='ltr'><strong>itai</strong></span> <span class='ocrx_word' id='word_1_173' title='bbox 1087 2333 1135 2383; x_wconf 78' lang='lat' dir='ltr'><strong>ced</strong></span> <span class='ocrx_word' id='word_1_174' title='bbox 1154 2335 1245 2384; x_wconf 83' lang='lat' dir='ltr'><strong>diecret</strong></span> 
     </span>
     <span class='ocr_line' id='line_1_24' title="bbox 176 2399 912 2467; baseline 0.001 -18"><span class='ocrx_word' id='word_1_175' title='bbox 176 2400 196 2452; x_wconf 84' lang='lat' dir='ltr'><strong>i.</strong></span> <span class='ocrx_word' id='word_1_176' title='bbox 208 2399 283 2450; x_wconf 82' lang='lat' dir='ltr'><strong>lunt.</strong></span> <span class='ocrx_word' id='word_1_177' title='bbox 298 2402 324 2452; x_wconf 72' lang='grc'><strong>2.</strong></span> <span class='ocrx_word' id='word_1_178' title='bbox 334 2429 366 2440; x_wconf 92' lang='grc'>-</span> <span class='ocrx_word' id='word_1_179' title='bbox 379 2417 485 2465; x_wconf 80' lang='lat' dir='ltr'><strong>quaere,</strong></span> <span class='ocrx_word' id='word_1_180' title='bbox 503 2399 582 2467; x_wconf 84' lang='lat' dir='ltr'><strong>prohe</strong></span> <span class='ocrx_word' id='word_1_181' title='bbox 594 2400 720 2450; x_wconf 70' lang='lat' dir='ltr'><strong>reducent</strong></span> <span class='ocrx_word' id='word_1_182' title='bbox 733 2401 752 2455; x_wconf 90' lang='lat' dir='ltr'><strong>i.</strong></span> <span class='ocrx_word' id='word_1_183' title='bbox 768 2414 825 2467; x_wconf 82' lang='lat' dir='ltr'><strong>mg.</strong></span> <span class='ocrx_word' id='word_1_184' title='bbox 838 2399 912 2454; x_wconf 82' lang='grc'><strong>1578.</strong></span> 
     </span>
     <span class='ocr_line' id='line_1_25' title="bbox 241 2467 688 2537; baseline -0.007 -17"><span class='ocrx_word' id='word_1_185' title='bbox 241 2469 304 2521; x_wconf 68' lang='lat'><strong>160.</strong></span> <span class='ocrx_word' id='word_1_186' title='bbox 339 2470 401 2535; x_wconf 81' lang='lat' dir='ltr'><strong>quin</strong></span> <span class='ocrx_word' id='word_1_187' title='bbox 414 2467 473 2536; x_wconf 76' lang='lat' dir='ltr'><strong>ego]</strong></span> <span class='ocrx_word' id='word_1_188' title='bbox 492 2469 608 2537; x_wconf 79' lang='lat' dir='ltr'><strong>quidego</strong></span> <span class='ocrx_word' id='word_1_189' title='bbox 627 2467 688 2518; x_wconf 84' lang='lat' dir='ltr'><strong>Vei.</strong></span> 
     </span>
     <span class='ocr_line' id='line_1_26' title="bbox 211 2536 1246 2606; baseline 0.003 -19"><span class='ocrx_word' id='word_1_190' title='bbox 211 2538 252 2587; x_wconf 88' lang='lat' dir='ltr'><strong>ita</strong></span> <span class='ocrx_word' id='word_1_191' title='bbox 268 2536 394 2605; x_wconf 82' lang='lat' dir='ltr'><strong>rmrioree]</strong></span> <span class='ocrx_word' id='word_1_192' title='bbox 414 2536 452 2589; x_wconf 81' lang='lat' dir='ltr'><strong>ci.</strong></span> <span class='ocrx_word' id='word_1_193' title='bbox 468 2537 584 2606; x_wconf 89' lang='lat' dir='ltr'><strong>Quinct.</strong></span> <span class='ocrx_word' id='word_1_194' title='bbox 600 2539 624 2602; x_wconf 88' lang='lat'><strong>1,</strong></span> <span class='ocrx_word' id='word_1_195' title='bbox 641 2537 675 2602; x_wconf 85' lang='lat'><strong>5,</strong></span> <span class='ocrx_word' id='word_1_196' title='bbox 694 2537 736 2592; x_wconf 86' lang='lat'><strong>19·</strong></span> <span class='ocrx_word' id='word_1_197' title='bbox 752 2536 934 2596; x_wconf 78' lang='lat' dir='ltr'><strong>„Parcieeime</strong></span> <span class='ocrx_word' id='word_1_198' title='bbox 947 2555 979 2587; x_wconf 89' lang='lat' dir='ltr'><strong>ea</strong></span> <span class='ocrx_word' id='word_1_199' title='bbox 995 2536 1187 2606; x_wconf 85' lang='lat' dir='ltr'><strong>(aepirotione)</strong></span> <span class='ocrx_word' id='word_1_200' title='bbox 1202 2559 1246 2590; x_wconf 88' lang='lat' dir='ltr'><strong>ve-</strong></span> 
     </span>
     <span class='ocr_line' id='line_1_27' title="bbox 176 2603 1246 2671; baseline 0.002 -15"><span class='ocrx_word' id='word_1_201' title='bbox 176 2616 242 2656; x_wconf 86' lang='lat' dir='ltr'><strong>teree</strong></span> <span class='ocrx_word' id='word_1_202' title='bbox 255 2608 298 2655; x_wconf 78' lang='lat' dir='ltr'><strong>uni</strong></span> <span class='ocrx_word' id='word_1_203' title='bbox 313 2608 393 2656; x_wconf 87' lang='lat' dir='ltr'><strong>etiam</strong></span> <span class='ocrx_word' id='word_1_204' title='bbox 410 2607 438 2655; x_wconf 91' lang='lat' dir='ltr'><strong>in</strong></span> <span class='ocrx_word' id='word_1_205' title='bbox 451 2606 601 2669; x_wconf 72' lang='lat' dir='ltr'><strong>vocalibus,</strong></span> <span class='ocrx_word' id='word_1_206' title='bbox 620 2624 678 2654; x_wconf 84' lang='lat' dir='ltr'><strong>curn</strong></span> <span class='ocrx_word' id='word_1_207' title='bbox 694 2607 787 2669; x_wconf 86' lang='lat' dir='ltr'><strong>aedae,</strong></span> <span class='ocrx_word' id='word_1_208' title='bbox 807 2603 923 2671; x_wconf 79' lang='lat' dir='ltr'><strong>ircoique</strong></span> <span class='ocrx_word' id='word_1_209' title='bbox 939 2608 1069 2659; x_wconf 81' lang='lat' dir='ltr'><strong>dicebant.</strong></span> <span class='ocrx_word' id='word_1_210' title='bbox 1088 2609 1145 2657; x_wconf 89' lang='lat' dir='ltr'><strong>Diu</strong></span> <span class='ocrx_word' id='word_1_211' title='bbox 1153 2611 1246 2660; x_wconf 82' lang='lat' dir='ltr'><strong>deinde</strong></span> 
     </span>
     <span class='ocr_line' id='line_1_28' title="bbox 176 2675 1247 2743; baseline 0.003 -19"><span class='ocrx_word' id='word_1_212' title='bbox 176 2685 316 2739; x_wconf 65' lang='lat' dir='ltr'><strong>canotum,</strong></span> <span class='ocrx_word' id='word_1_213' title='bbox 328 2694 360 2725; x_wconf 90' lang='lat' dir='ltr'><strong>ne</strong></span> <span class='ocrx_word' id='word_1_214' title='bbox 375 2675 577 2725; x_wconf 69' lang='lat' dir='ltr'><strong>consonantibue</strong></span> <span class='ocrx_word' id='word_1_215' title='bbox 590 2675 755 2740; x_wconf 86' lang='lat' dir='ltr'><strong>aepirarerur</strong></span> <span class='ocrx_word' id='word_1_216' title='bbox 766 2685 796 2724; x_wconf 88' lang='lat' dir='ltr'><strong>ut</strong></span> <span class='ocrx_word' id='word_1_217' title='bbox 811 2675 839 2723; x_wconf 88' lang='lat' dir='ltr'><strong>in</strong></span> <span class='ocrx_word' id='word_1_218' title='bbox 853 2675 965 2726; x_wconf 78' lang='lat' dir='ltr'><strong>Graecia</strong></span> <span class='ocrx_word' id='word_1_219' title='bbox 979 2688 1004 2726; x_wconf 92' lang='lat' dir='ltr'><strong>et</strong></span> <span class='ocrx_word' id='word_1_220' title='bbox 1021 2679 1151 2743; x_wconf 80' lang='lat' dir='ltr'><strong>triumpie.</strong></span> <span class='ocrx_word' id='word_1_221' title='bbox 1178 2679 1247 2727; x_wconf 81' lang='lat' dir='ltr'><strong>iira-</strong></span> 
     </span>
     <span class='ocr_line' id='line_1_29' title="bbox 178 2741 1248 2813; baseline 0.002 -21"><span class='ocrx_word' id='word_1_222' title='bbox 178 2745 218 2811; x_wconf 89' lang='lat' dir='ltr'><strong>pit</strong></span> <span class='ocrx_word' id='word_1_223' title='bbox 234 2745 304 2793; x_wconf 83' lang='lat' dir='ltr'><strong>hreni</strong></span> <span class='ocrx_word' id='word_1_224' title='bbox 319 2755 432 2813; x_wconf 85' lang='lat' dir='ltr'><strong>tempore</strong></span> <span class='ocrx_word' id='word_1_225' title='bbox 450 2745 547 2793; x_wconf 83' lang='lat' dir='ltr'><strong>nimine</strong></span> <span class='ocrx_word' id='word_1_226' title='bbox 564 2761 641 2805; x_wconf 79' lang='lat' dir='ltr'><strong>neue,</strong></span> <span class='ocrx_word' id='word_1_227' title='bbox 659 2754 688 2791; x_wconf 83' lang='lat' dir='ltr'><strong>ut</strong></span> <span class='ocrx_word' id='word_1_228' title='bbox 705 2741 848 2802; x_wconf 74' lang='lat' dir='ltr'><strong>cicaronem,</strong></span> <span class='ocrx_word' id='word_1_229' title='bbox 866 2743 1063 2809; x_wconf 83' lang='lat' dir='ltr'><strong>ehentnrionce‚</strong></span> <span class='ocrx_word' id='word_1_230' title='bbox 1087 2747 1248 2813; x_wconf 67' lang='lat' dir='ltr'><strong>praechones</strong></span> 
     </span>
     <span class='ocr_line' id='line_1_30' title="bbox 179 2810 1249 2881; baseline 0.007 -22"><span class='ocrx_word' id='word_1_231' title='bbox 179 2810 268 2860; x_wconf 81' lang='lat' dir='ltr'><strong>adhuc</strong></span> <span class='ocrx_word' id='word_1_232' title='bbox 285 2812 677 2881; x_wconf 74' lang='lat' dir='ltr'><strong>qnihundamineeriptionibue</strong></span> <span class='ocrx_word' id='word_1_233' title='bbox 699 2821 839 2863; x_wconf 75' lang='lat' dir='ltr'><strong>maneant:</strong></span> <span class='ocrx_word' id='word_1_234' title='bbox 864 2832 917 2880; x_wconf 81' lang='lat' dir='ltr'><strong>qua</strong></span> <span class='ocrx_word' id='word_1_235' title='bbox 944 2816 976 2864; x_wconf 88' lang='lat' dir='ltr'><strong>de</strong></span> <span class='ocrx_word' id='word_1_236' title='bbox 997 2833 1025 2864; x_wconf 86' lang='lat' dir='ltr'><strong>re</strong></span> <span class='ocrx_word' id='word_1_237' title='bbox 1048 2813 1147 2866; x_wconf 81' lang='lat' dir='ltr'><strong>Catulli</strong></span> <span class='ocrx_word' id='word_1_238' title='bbox 1163 2815 1249 2866; x_wconf 86' lang='lat' dir='ltr'><strong>nobile</strong></span> 
     </span>
     <span class='ocr_line' id='line_1_31' title="bbox 179 2879 421 2949; baseline -0.008 -19"><span class='ocrx_word' id='word_1_239' title='bbox 179 2881 342 2949; x_wconf 76' lang='lat' dir='ltr'><strong>epigramma</strong></span> <span class='ocrx_word' id='word_1_240' title='bbox 354 2879 421 2930; x_wconf 83' lang='lat' dir='ltr'><strong>eet.“</strong></span> 
     </span>
     <span class='ocr_line' id='line_1_32' title="bbox 214 2945 1245 3020; baseline 0.006 -23"><span class='ocrx_word' id='word_1_241' title='bbox 214 2947 375 3016; x_wconf 82' lang='lat' dir='ltr'><strong>utpulcroe,</strong></span> <span class='ocrx_word' id='word_1_242' title='bbox 398 2947 520 3018; x_wconf 80' lang='lat' dir='ltr'><strong>Cetegoe]</strong></span> <span class='ocrx_word' id='word_1_243' title='bbox 537 2945 662 3016; x_wconf 82' lang='lat' dir='ltr'><strong>pulchrae</strong></span> <span class='ocrx_word' id='word_1_244' title='bbox 685 2958 789 3016; x_wconf 78' lang='lat' dir='ltr'><strong>cetegoe</strong></span> <span class='ocrx_word' id='word_1_245' title='bbox 808 2947 933 3018; x_wconf 77' lang='lat' dir='ltr'><strong>triunfat</strong></span> <span class='ocrx_word' id='word_1_246' title='bbox 954 2953 1119 3020; x_wconf 77' lang='lat' dir='ltr'><strong>cartaginem</strong></span> <span class='ocrx_word' id='word_1_247' title='bbox 1136 2952 1192 3004; x_wconf 88' lang='lat' dir='ltr'><strong>Vit.</strong></span> <span class='ocrx_word' id='word_1_248' title='bbox 1210 2979 1245 2990; x_wconf 87' lang='lat'>-</span> 
     </span>
     <span class='ocr_line' id='line_1_33' title="bbox 178 3016 1249 3090; baseline 0.005 -22"><span class='ocrx_word' id='word_1_249' title='bbox 178 3016 300 3087; x_wconf 79' lang='lat' dir='ltr'><strong>pulchrae</strong></span> <span class='ocrx_word' id='word_1_250' title='bbox 317 3016 460 3083; x_wconf 77' lang='lat' dir='ltr'><strong>Caethegor</strong></span> <span class='ocrx_word' id='word_1_251' title='bbox 473 3017 617 3079; x_wconf 76' lang='lat' dir='ltr'><strong>triumphem</strong></span> <span class='ocrx_word' id='word_1_252' title='bbox 627 3017 810 3086; x_wconf 72' lang='lat' dir='ltr'><strong>Carthaginem</strong></span> <span class='ocrx_word' id='word_1_253' title='bbox 827 3019 878 3070; x_wconf 90' lang='lat' dir='ltr'><strong>Dr.</strong></span> <span class='ocrx_word' id='word_1_254' title='bbox 887 3020 954 3072; x_wconf 82' lang='lat' dir='ltr'><strong>Ven.</strong></span> <span class='ocrx_word' id='word_1_255' title='bbox 963 3023 986 3073; x_wconf 91' lang='lat'><strong>1.</strong></span> <span class='ocrx_word' id='word_1_256' title='bbox 995 3023 1020 3074; x_wconf 76' lang='grc'><strong>2.</strong></span> <span class='ocrx_word' id='word_1_257' title='bbox 1029 3048 1062 3060; x_wconf 89' lang='grc'><strong>-</strong></span> <span class='ocrx_word' id='word_1_258' title='bbox 1069 3021 1133 3075; x_wconf 80' lang='lat' dir='ltr'><strong>edd.</strong></span> <span class='ocrx_word' id='word_1_259' title='bbox 1145 3036 1172 3072; x_wconf 89' lang='lat' dir='ltr'><strong>et</strong></span> <span class='ocrx_word' id='word_1_260' title='bbox 1185 3032 1249 3090; x_wconf 83' lang='lat' dir='ltr'><strong>post</strong></span> 
     </span>
     <span class='ocr_line' id='line_1_34' title="bbox 179 3084 985 3155; baseline 0.004 -19"><span class='ocrx_word' id='word_1_261' title='bbox 179 3084 285 3155; x_wconf 77' lang='lat' dir='ltr'><strong>pulcrae</strong></span> <span class='ocrx_word' id='word_1_262' title='bbox 301 3087 367 3137; x_wconf 87' lang='lat' dir='ltr'><strong>Ven.</strong></span> <span class='ocrx_word' id='word_1_263' title='bbox 385 3088 408 3140; x_wconf 84' lang='lat' dir='ltr'><strong>l·</strong></span> <span class='ocrx_word' id='word_1_264' title='bbox 426 3087 478 3138; x_wconf 88' lang='lat' dir='ltr'><strong>Dr.</strong></span> <span class='ocrx_word' id='word_1_265' title='bbox 496 3085 573 3138; x_wconf 84' lang='lat' dir='ltr'><strong>Med.</strong></span> <span class='ocrx_word' id='word_1_266' title='bbox 589 3084 653 3136; x_wconf 79' lang='lat' dir='ltr'><strong>Tul.</strong></span> <span class='ocrx_word' id='word_1_267' title='bbox 667 3086 742 3138; x_wconf 88' lang='lat' dir='ltr'><strong>Vict.</strong></span> <span class='ocrx_word' id='word_1_268' title='bbox 761 3086 842 3140; x_wconf 80' lang='lat' dir='ltr'><strong>aldo.</strong></span> <span class='ocrx_word' id='word_1_269' title='bbox 856 3088 935 3141; x_wconf 85' lang='lat' dir='ltr'><strong>Men.</strong></span> <span class='ocrx_word' id='word_1_270' title='bbox 954 3089 985 3144; x_wconf 97' lang='lat' dir='ltr'><strong>L.</strong></span> 
     </span>
     <span class='ocr_line' id='line_1_35' title="bbox 183 3155 1250 3226; baseline 0.007 -21"><span class='ocrx_word' id='word_1_271' title='bbox 183 3192 187 3197; x_wconf 88' lang='lat'><em>-</em></span> <span class='ocrx_word' id='word_1_272' title='bbox 218 3156 406 3224; x_wconf 80' lang='lat' dir='ltr'><strong>Cartaginem]</strong></span> <span class='ocrx_word' id='word_1_273' title='bbox 423 3158 594 3225; x_wconf 77' lang='lat' dir='ltr'><strong>Kartaginem</strong></span> <span class='ocrx_word' id='word_1_274' title='bbox 610 3155 772 3207; x_wconf 84' lang='lat' dir='ltr'><strong>Grat.Ern.</strong></span> <span class='ocrx_word' id='word_1_275' title='bbox 788 3156 839 3208; x_wconf 88' lang='lat' dir='ltr'><strong>Or.</strong></span> <span class='ocrx_word' id='word_1_276' title='bbox 862 3157 899 3208; x_wconf 82' lang='lat' dir='ltr'><strong>cl.</strong></span> <span class='ocrx_word' id='word_1_277' title='bbox 919 3157 1049 3210; x_wconf 81' lang='lat' dir='ltr'><strong>Schneid.</strong></span> <span class='ocrx_word' id='word_1_278' title='bbox 1067 3159 1099 3210; x_wconf 89' lang='lat' dir='ltr'><strong>L.</strong></span> <span class='ocrx_word' id='word_1_279' title='bbox 1120 3158 1157 3210; x_wconf 88' lang='lat' dir='ltr'><strong>G.</strong></span> <span class='ocrx_word' id='word_1_280' title='bbox 1181 3162 1204 3212; x_wconf 87' lang='lat'><strong>1.</strong></span> <span class='ocrx_word' id='word_1_281' title='bbox 1222 3178 1250 3226; x_wconf 84' lang='lat' dir='ltr'><strong>p.</strong></span> 
     </span>
     <span class='ocr_line' id='line_1_36' title="bbox 179 3222 1249 3298; baseline 0.003 -24"><span class='ocrx_word' id='word_1_282' title='bbox 179 3225 241 3279; x_wconf 67' lang='lat'><strong>289.</strong></span> <span class='ocrx_word' id='word_1_283' title='bbox 266 3253 302 3262; x_wconf 92' lang='lat'>—</span> <span class='ocrx_word' id='word_1_284' title='bbox 327 3222 462 3275; x_wconf 77' lang='lat' dir='ltr'><strong>Priscian.</strong></span> <span class='ocrx_word' id='word_1_285' title='bbox 478 3224 499 3277; x_wconf 90' lang='lat' dir='ltr'><strong>l.</strong></span> <span class='ocrx_word' id='word_1_286' title='bbox 524 3223 542 3275; x_wconf 88' lang='lat' dir='ltr'><strong>l.</strong></span> <span class='ocrx_word' id='word_1_287' title='bbox 566 3224 612 3276; x_wconf 79' lang='grc' dir='ltr'><strong>Ν.</strong></span> <span class='ocrx_word' id='word_1_288' title='bbox 640 3226 796 3292; x_wconf 34' lang='lat' dir='ltr'><strong>p.18.¹Kr.¹</strong></span> <span class='ocrx_word' id='word_1_289' title='bbox 834 3227 1033 3298; x_wconf 81' lang='lat' dir='ltr'><strong>„Carthago</strong></span> <span class='ocrx_word' id='word_1_290' title='bbox 1064 3239 1089 3277; x_wconf 84' lang='lat' dir='ltr'><strong>et</strong></span> <span class='ocrx_word' id='word_1_291' title='bbox 1120 3231 1249 3295; x_wconf 78' lang='lat' dir='ltr'><strong>Caput,</strong></span> 
     </span>
     <span class='ocr_line' id='line_1_37' title="bbox 180 3293 1251 3363; baseline 0.005 -20"><span class='ocrx_word' id='word_1_292' title='bbox 180 3296 235 3343; x_wconf 83' lang='lat' dir='ltr'><strong>eive</strong></span> <span class='ocrx_word' id='word_1_293' title='bbox 247 3312 336 3361; x_wconf 86' lang='lat' dir='ltr'><strong>pere,</strong></span> <span class='ocrx_word' id='word_1_294' title='bbox 356 3294 409 3344; x_wconf 86' lang='lat' dir='ltr'><strong>eive</strong></span> <span class='ocrx_word' id='word_1_295' title='bbox 421 3293 498 3362; x_wconf 84' lang='lat' dir='ltr'><strong>perh</strong></span> <span class='ocrx_word' id='word_1_296' title='bbox 515 3294 680 3357; x_wconf 73' lang='lat' dir='ltr'><strong>scribantur,</strong></span> <span class='ocrx_word' id='word_1_297' title='bbox 706 3293 808 3344; x_wconf 78' lang='lat' dir='ltr'><strong>nullane</strong></span> <span class='ocrx_word' id='word_1_298' title='bbox 820 3295 934 3363; x_wconf 73' lang='lat' dir='ltr'><strong>jaciunt</strong></span> <span class='ocrx_word' id='word_1_299' title='bbox 955 3317 1003 3348; x_wconf 88' lang='lat' dir='ltr'><strong>nce</strong></span> <span class='ocrx_word' id='word_1_300' title='bbox 1025 3299 1052 3347; x_wconf 91' lang='lat' dir='ltr'><strong>in</strong></span> <span class='ocrx_word' id='word_1_301' title='bbox 1075 3314 1137 3346; x_wconf 86' lang='lat' dir='ltr'><strong>cono</strong></span> <span class='ocrx_word' id='word_1_302' title='bbox 1158 3318 1205 3348; x_wconf 85' lang='lat' dir='ltr'><strong>nec</strong></span> <span class='ocrx_word' id='word_1_303' title='bbox 1224 3302 1251 3348; x_wconf 86' lang='lat' dir='ltr'><strong>in</strong></span> 
     </span>
     <span class='ocr_line' id='line_1_38' title="bbox 179 3359 1012 3431; baseline 0.004 -21"><span class='ocrx_word' id='word_1_304' title='bbox 179 3374 314 3431; x_wconf 74' lang='lat' dir='ltr'><strong>pererrare</strong></span> <span class='ocrx_word' id='word_1_305' title='bbox 332 3364 445 3413; x_wconf 81' lang='lat' dir='ltr'><strong>einedem</strong></span> <span class='ocrx_word' id='word_1_306' title='bbox 461 3362 631 3412; x_wconf 82' lang='lat' dir='ltr'><strong>eoneonanrie</strong></span> <span class='ocrx_word' id='word_1_307' title='bbox 648 3359 858 3429; x_wconf 82' lang='lat' dir='ltr'><strong>dr&#39;ffirentr&#39;am.“</strong></span> <span class='ocrx_word' id='word_1_308' title='bbox 1008 3365 1012 3373; x_wconf 86' lang='lat'>&#39;</span> 
     </span>
     <span class='ocr_line' id='line_1_39' title="bbox 72 3429 1251 3496; baseline 0.007 -18"><span class='ocrx_word' id='word_1_309' title='bbox 72 3468 77 3484; x_wconf 87' lang='lat'><strong>.</strong></span> <span class='ocrx_word' id='word_1_310' title='bbox 214 3432 341 3496; x_wconf 77' lang='lat' dir='ltr'><strong>convicia]</strong></span> <span class='ocrx_word' id='word_1_311' title='bbox 361 3432 473 3481; x_wconf 85' lang='lat' dir='ltr'><strong>convitio</strong></span> <span class='ocrx_word' id='word_1_312' title='bbox 487 3431 563 3482; x_wconf 83' lang='lat' dir='ltr'><strong>Crat.</strong></span> <span class='ocrx_word' id='word_1_313' title='bbox 573 3429 743 3481; x_wconf 86' lang='lat' dir='ltr'><strong>-convioio</strong></span> <span class='ocrx_word' id='word_1_314' title='bbox 761 3432 871 3485; x_wconf 82' lang='lat' dir='ltr'><strong>aurium</strong></span> <span class='ocrx_word' id='word_1_315' title='bbox 883 3433 903 3488; x_wconf 92' lang='lat' dir='ltr'><strong>i.</strong></span> <span class='ocrx_word' id='word_1_316' title='bbox 911 3448 936 3486; x_wconf 86' lang='lat' dir='ltr'><strong>e.</strong></span> <span class='ocrx_word' id='word_1_317' title='bbox 953 3449 1017 3486; x_wconf 83' lang='lat' dir='ltr'><strong>cani</strong></span> <span class='ocrx_word' id='word_1_318' title='bbox 1030 3450 1110 3485; x_wconf 75' lang='lat' dir='ltr'><strong>orirer</strong></span> <span class='ocrx_word' id='word_1_319' title='bbox 1122 3434 1194 3488; x_wconf 80' lang='lat' dir='ltr'><strong>haec</strong></span> <span class='ocrx_word' id='word_1_320' title='bbox 1207 3436 1251 3486; x_wconf 84' lang='lat' dir='ltr'><strong>ei-</strong></span> 
     </span>
     <span class='ocr_line' id='line_1_40' title="bbox 80 3498 1247 3622; baseline 0.003 -71"><span class='ocrx_word' id='word_1_321' title='bbox 80 3498 86 3520; x_wconf 80' lang='grc'><strong>’“</strong></span> <span class='ocrx_word' id='word_1_322' title='bbox 180 3498 342 3622; x_wconf 63' lang='grc' dir='ltr'><strong>ὼςὶῐὲτεηῑ</strong></span> <span class='ocrx_word' id='word_1_323' title='bbox 356 3499 542 3553; x_wconf 85' lang='lat' dir='ltr'><strong>vehementer.</strong></span> <span class='ocrx_word' id='word_1_324' title='bbox 566 3499 650 3551; x_wconf 80' lang='lat' dir='ltr'><strong>Dori</strong></span> <span class='ocrx_word' id='word_1_325' title='bbox 663 3515 724 3552; x_wconf 87' lang='lat' dir='ltr'><strong>voc.</strong></span> <span class='ocrx_word' id='word_1_326' title='bbox 739 3503 852 3553; x_wconf 81' lang='lat' dir='ltr'><strong>convicii</strong></span> <span class='ocrx_word' id='word_1_327' title='bbox 868 3503 993 3570; x_wconf 67' lang='lat' dir='ltr'><strong>nspald.</strong></span> <span class='ocrx_word' id='word_1_328' title='bbox 1003 3503 1039 3556; x_wconf 81' lang='lat' dir='ltr'><strong>ed</strong></span> <span class='ocrx_word' id='word_1_329' title='bbox 1054 3504 1170 3573; x_wconf 87' lang='lat' dir='ltr'><strong>Quinct.</strong></span> <span class='ocrx_word' id='word_1_330' title='bbox 1183 3507 1215 3559; x_wconf 90' lang='lat' dir='ltr'><strong>T.</strong></span> <span class='ocrx_word' id='word_1_331' title='bbox 1226 3509 1247 3558; x_wconf 90' lang='lat' dir='ltr'><strong>l.</strong></span> 
     </span>
     <span class='ocr_line' id='line_1_41' title="bbox 202 3587 286 3622; baseline 0.012 -1"><span class='ocrx_word' id='word_1_332' title='bbox 202 3587 216 3621; x_wconf 85' lang='lat' dir='ltr'><strong>a</strong></span> <span class='ocrx_word' id='word_1_333' title='bbox 238 3607 244 3621; x_wconf 92' lang='lat'><strong>.</strong></span> <span class='ocrx_word' id='word_1_334' title='bbox 279 3606 286 3622; x_wconf 92' lang='lat'><strong>.</strong></span> 
     </span>
     <span class='ocr_line' id='line_1_42' title="bbox 180 3585 1249 3705; baseline 0.009 -18"><span class='ocrx_word' id='word_1_335' title='bbox 180 3585 199 3638; x_wconf 68' lang='lat' dir='ltr'><strong>p</strong></span> <span class='ocrx_word' id='word_1_336' title='bbox 216 3585 321 3689; x_wconf 64' lang='lat' dir='ltr'><strong>egxtorto</strong></span> <span class='ocrx_word' id='word_1_337' title='bbox 333 3636 416 3705; x_wconf 86' lang='lat' dir='ltr'><strong>mihi]</strong></span> <span class='ocrx_word' id='word_1_338' title='bbox 434 3636 490 3690; x_wconf 78' lang='lat' dir='ltr'><strong>vir.</strong></span> <span class='ocrx_word' id='word_1_339' title='bbox 503 3639 554 3691; x_wconf 89' lang='lat' dir='ltr'><strong>Dr.</strong></span> <span class='ocrx_word' id='word_1_340' title='bbox 565 3665 599 3677; x_wconf 88' lang='lat'>-</span> <span class='ocrx_word' id='word_1_341' title='bbox 613 3637 679 3689; x_wconf 88' lang='lat' dir='ltr'><strong>mihi</strong></span> <span class='ocrx_word' id='word_1_342' title='bbox 695 3650 803 3691; x_wconf 83' lang='lat' dir='ltr'><strong>exterra</strong></span> <span class='ocrx_word' id='word_1_343' title='bbox 816 3641 885 3693; x_wconf 85' lang='lat' dir='ltr'><strong>Ven.</strong></span> <span class='ocrx_word' id='word_1_344' title='bbox 909 3643 934 3697; x_wconf 88' lang='lat'><strong>1.</strong></span> <span class='ocrx_word' id='word_1_345' title='bbox 946 3642 974 3696; x_wconf 78' lang='grc'><strong>2.</strong></span> <span class='ocrx_word' id='word_1_346' title='bbox 990 3640 1068 3697; x_wconf 80' lang='lat' dir='ltr'><strong>Mod.</strong></span> <span class='ocrx_word' id='word_1_347' title='bbox 1085 3643 1150 3698; x_wconf 87' lang='lat' dir='ltr'><strong>Tul.</strong></span> <span class='ocrx_word' id='word_1_348' title='bbox 1169 3643 1249 3697; x_wconf 73' lang='lat' dir='ltr'><strong>nidd.</strong></span> 
     </span>
     <span class='ocr_line' id='line_1_43' title="bbox 182 3707 1127 3759; baseline 0.004 -1"><span class='ocrx_word' id='word_1_349' title='bbox 182 3707 231 3759; x_wconf 87' lang='lat' dir='ltr'><strong>Cr.</strong></span> <span class='ocrx_word' id='word_1_350' title='bbox 246 3708 279 3759; x_wconf 90' lang='lat' dir='ltr'><strong>L.</strong></span> <span class='ocrx_word' id='word_1_351' title='bbox 1068 3708 1074 3719; x_wconf 84' lang='lat'><em>&#39;</em></span> <span class='ocrx_word' id='word_1_352' title='bbox 1125 3714 1127 3718; x_wconf 78' lang='grc'>’</span> 
     </span>
    </p>

    <p class='ocr_par' dir='ltr' id='par_1_5' title="bbox 181 3775 1250 3977">
     <span class='ocr_line' id='line_1_44' title="bbox 218 3775 1250 3845; baseline 0.005 -22"><span class='ocrx_word' id='word_1_353' title='bbox 218 3776 357 3825; x_wconf 81' lang='lat' dir='ltr'><strong>erientiam</strong></span> <span class='ocrx_word' id='word_1_354' title='bbox 373 3775 412 3824; x_wconf 88' lang='lat' dir='ltr'><strong>rei</strong></span> <span class='ocrx_word' id='word_1_355' title='bbox 426 3775 509 3845; x_wconf 85' lang='lat' dir='ltr'><strong>mihi]</strong></span> <span class='ocrx_word' id='word_1_356' title='bbox 528 3775 584 3829; x_wconf 86' lang='lat' dir='ltr'><strong>Vit.</strong></span> <span class='ocrx_word' id='word_1_357' title='bbox 598 3790 698 3827; x_wconf 71' lang='lat' dir='ltr'><strong>-onn</strong></span> <span class='ocrx_word' id='word_1_358' title='bbox 708 3777 748 3827; x_wconf 87' lang='lat' dir='ltr'><strong>rei</strong></span> <span class='ocrx_word' id='word_1_359' title='bbox 758 3777 858 3832; x_wconf 85' lang='lat' dir='ltr'><strong>Ceteri.</strong></span> <span class='ocrx_word' id='word_1_360' title='bbox 878 3777 918 3829; x_wconf 85' lang='lat' dir='ltr'><strong>Ac</strong></span> <span class='ocrx_word' id='word_1_361' title='bbox 932 3779 1029 3832; x_wconf 82' lang='lat' dir='ltr'><strong>nescio</strong></span> <span class='ocrx_word' id='word_1_362' title='bbox 1041 3797 1076 3832; x_wconf 84' lang='lat' dir='ltr'><strong>an</strong></span> <span class='ocrx_word' id='word_1_363' title='bbox 1095 3778 1194 3831; x_wconf 86' lang='lat' dir='ltr'><strong>Cicero</strong></span> <span class='ocrx_word' id='word_1_364' title='bbox 1210 3780 1250 3831; x_wconf 85' lang='lat' dir='ltr'><strong>di·</strong></span> 
     </span>
     <span class='ocr_line' id='line_1_45' title="bbox 181 3843 1250 3918; baseline 0.007 -26"><span class='ocrx_word' id='word_1_365' title='bbox 181 3852 245 3909; x_wconf 81' lang='lat' dir='ltr'><strong>eat,</strong></span> <span class='ocrx_word' id='word_1_366' title='bbox 262 3843 411 3901; x_wconf 65' lang='lat' dir='ltr'><strong>indulsisse</strong></span> <span class='ocrx_word' id='word_1_367' title='bbox 423 3861 452 3895; x_wconf 84' lang='lat' dir='ltr'><strong>se</strong></span> <span class='ocrx_word' id='word_1_368' title='bbox 467 3845 580 3914; x_wconf 81' lang='lat' dir='ltr'><strong>quidem</strong></span> <span class='ocrx_word' id='word_1_369' title='bbox 598 3845 628 3896; x_wconf 89' lang='lat' dir='ltr'><strong>in</strong></span> <span class='ocrx_word' id='word_1_370' title='bbox 641 3844 802 3898; x_wconf 85' lang='lat' dir='ltr'><strong>elocutione</strong></span> <span class='ocrx_word' id='word_1_371' title='bbox 821 3846 968 3912; x_wconf 64' lang='lat' dir='ltr'><strong>voluntati¹</strong></span> <span class='ocrx_word' id='word_1_372' title='bbox 980 3849 1116 3918; x_wconf 75' lang='lat' dir='ltr'><strong>peperoli,</strong></span> <span class='ocrx_word' id='word_1_373' title='bbox 1133 3849 1166 3902; x_wconf 86' lang='lat' dir='ltr'><strong>in</strong></span> <span class='ocrx_word' id='word_1_374' title='bbox 1182 3851 1250 3901; x_wconf 83' lang='lat' dir='ltr'><strong>ecri-</strong></span> 
     </span>
     <span class='ocr_line' id='line_1_46' title="bbox 181 3911 906 3977; baseline 0.006 -15"><span class='ocrx_word' id='word_1_375' title='bbox 181 3911 376 3963; x_wconf 73' lang='lat' dir='ltr'><strong>bendoautern</strong></span> <span class='ocrx_word' id='word_1_376' title='bbox 393 3914 517 3977; x_wconf 79' lang='lat' dir='ltr'><strong>priorem</strong></span> <span class='ocrx_word' id='word_1_377' title='bbox 532 3931 591 3967; x_wconf 82' lang='lat' dir='ltr'><strong>eree</strong></span> <span class='ocrx_word' id='word_1_378' title='bbox 607 3923 734 3967; x_wconf 73' lang='lat' dir='ltr'><strong>necatum</strong></span> <span class='ocrx_word' id='word_1_379' title='bbox 755 3914 906 3967; x_wconf 84' lang='lat' dir='ltr'><strong>rationem.</strong></span> 
     </span>
    </p>

    <p class='ocr_par' dir='ltr' id='par_1_6' title="bbox 181 3981 1251 4326">
     <span class='ocr_line' id='line_1_47' title="bbox 220 3981 1251 4055; baseline 0.007 -22"><span class='ocrx_word' id='word_1_380' title='bbox 220 3981 356 4047; x_wconf 83' lang='lat' dir='ltr'><strong>Oreinioa]</strong></span> <span class='ocrx_word' id='word_1_381' title='bbox 377 3982 467 4037; x_wconf 83' lang='lat' dir='ltr'><strong>Strelr.</strong></span> <span class='ocrx_word' id='word_1_382' title='bbox 482 3985 560 4036; x_wconf 82' lang='lat' dir='ltr'><strong>Corn.</strong></span> <span class='ocrx_word' id='word_1_383' title='bbox 574 3981 639 4039; x_wconf 82' lang='lat' dir='ltr'><strong>Scir.</strong></span> <span class='ocrx_word' id='word_1_384' title='bbox 658 3983 709 4038; x_wconf 89' lang='lat' dir='ltr'><strong>Or.</strong></span> <span class='ocrx_word' id='word_1_385' title='bbox 726 3985 806 4053; x_wconf 80' lang='lat' dir='ltr'><strong>proli.</strong></span> <span class='ocrx_word' id='word_1_386' title='bbox 822 3984 951 4037; x_wconf 83' lang='lat' dir='ltr'><strong>Schneid.</strong></span> <span class='ocrx_word' id='word_1_387' title='bbox 964 3988 997 4038; x_wconf 92' lang='lat' dir='ltr'><strong>L.</strong></span> <span class='ocrx_word' id='word_1_388' title='bbox 1014 3988 1049 4042; x_wconf 89' lang='lat' dir='ltr'><strong>G.</strong></span> <span class='ocrx_word' id='word_1_389' title='bbox 1063 3989 1085 4042; x_wconf 87' lang='lat' dir='ltr'><strong>l.</strong></span> <span class='ocrx_word' id='word_1_390' title='bbox 1102 4004 1128 4055; x_wconf 84' lang='lat' dir='ltr'><strong>p.</strong></span> <span class='ocrx_word' id='word_1_391' title='bbox 1142 3989 1201 4041; x_wconf 68' lang='lat'><strong>203.</strong></span> <span class='ocrx_word' id='word_1_392' title='bbox 1219 4014 1251 4024; x_wconf 90' lang='lat'>-</span> 
     </span>
     <span class='ocr_line' id='line_1_48' title="bbox 185 4049 1251 4108; baseline 0.006 -6"><span class='ocrx_word' id='word_1_393' title='bbox 185 4049 326 4102; x_wconf 82' lang='lat' dir='ltr'><strong>Orchinioe</strong></span> <span class='ocrx_word' id='word_1_394' title='bbox 339 4053 408 4103; x_wconf 83' lang='lat' dir='ltr'><strong>Ven.</strong></span> <span class='ocrx_word' id='word_1_395' title='bbox 423 4053 447 4105; x_wconf 71' lang='lat'><strong>2·</strong></span> <span class='ocrx_word' id='word_1_396' title='bbox 460 4079 493 4092; x_wconf 90' lang='lat'>-</span> <span class='ocrx_word' id='word_1_397' title='bbox 507 4053 627 4104; x_wconf 81' lang='lat' dir='ltr'><strong>Orcinioe</strong></span> <span class='ocrx_word' id='word_1_398' title='bbox 644 4053 699 4105; x_wconf 84' lang='lat' dir='ltr'><strong>vit.</strong></span> <span class='ocrx_word' id='word_1_399' title='bbox 718 4082 752 4092; x_wconf 91' lang='lat'><em>-</em></span> <span class='ocrx_word' id='word_1_400' title='bbox 772 4054 909 4105; x_wconf 73' lang='lat' dir='ltr'><strong>abietem·</strong></span> <span class='ocrx_word' id='word_1_401' title='bbox 927 4053 1003 4106; x_wconf 78' lang='lat' dir='ltr'><strong>Crat.</strong></span> <span class='ocrx_word' id='word_1_402' title='bbox 1021 4059 1143 4106; x_wconf 65' lang='lat' dir='ltr'><strong>obscenos</strong></span> <span class='ocrx_word' id='word_1_403' title='bbox 1159 4058 1210 4108; x_wconf 90' lang='lat' dir='ltr'><strong>Dr.</strong></span> <span class='ocrx_word' id='word_1_404' title='bbox 1225 4085 1251 4093; x_wconf 97' lang='lat'>-</span> 
     </span>
     <span class='ocr_line' id='line_1_49' title="bbox 185 4117 1251 4191; baseline 0.005 -21"><span class='ocrx_word' id='word_1_405' title='bbox 185 4117 304 4170; x_wconf 72' lang='lat' dir='ltr'><strong>Orcivios</strong></span> <span class='ocrx_word' id='word_1_406' title='bbox 321 4117 381 4169; x_wconf 79' lang='lat' dir='ltr'><strong>hid.</strong></span> <span class='ocrx_word' id='word_1_407' title='bbox 396 4123 421 4172; x_wconf 87' lang='lat' dir='ltr'><strong>t.</strong></span> <span class='ocrx_word' id='word_1_408' title='bbox 435 4119 508 4177; x_wconf 87' lang='lat' dir='ltr'><strong>Viet.</strong></span> <span class='ocrx_word' id='word_1_409' title='bbox 527 4123 606 4172; x_wconf 87' lang='lat' dir='ltr'><strong>Man.</strong></span> <span class='ocrx_word' id='word_1_410' title='bbox 628 4121 660 4174; x_wconf 89' lang='lat' dir='ltr'><strong>L.</strong></span> <span class='ocrx_word' id='word_1_411' title='bbox 684 4121 766 4174; x_wconf 89' lang='lat' dir='ltr'><strong>Grut.</strong></span> <span class='ocrx_word' id='word_1_412' title='bbox 790 4124 872 4191; x_wconf 85' lang='lat' dir='ltr'><strong>prob.</strong></span> <span class='ocrx_word' id='word_1_413' title='bbox 893 4124 1011 4176; x_wconf 84' lang='lat' dir='ltr'><strong>Caseub.</strong></span> <span class='ocrx_word' id='word_1_414' title='bbox 1032 4125 1068 4176; x_wconf 87' lang='lat' dir='ltr'><strong>ed</strong></span> <span class='ocrx_word' id='word_1_415' title='bbox 1084 4125 1159 4178; x_wconf 86' lang='lat' dir='ltr'><strong>Suet.</strong></span> <span class='ocrx_word' id='word_1_416' title='bbox 1184 4129 1251 4191; x_wconf 77' lang='lat' dir='ltr'><strong>Aug.</strong></span> 
     </span>
     <span class='ocr_line' id='line_1_50' title="bbox 181 4187 1251 4256; baseline 0.006 -18"><span class='ocrx_word' id='word_1_417' title='bbox 181 4187 224 4242; x_wconf 79' lang='lat'><strong>85.</strong></span> <span class='ocrx_word' id='word_1_418' title='bbox 244 4212 278 4229; x_wconf 87' lang='lat'><em>-</em></span> <span class='ocrx_word' id='word_1_419' title='bbox 296 4187 431 4240; x_wconf 84' lang='lat' dir='ltr'><strong>0·chioioe</strong></span> <span class='ocrx_word' id='word_1_420' title='bbox 443 4189 486 4242; x_wconf 89' lang='lat' dir='ltr'><strong>Ju.</strong></span> <span class='ocrx_word' id='word_1_421' title='bbox 501 4193 527 4244; x_wconf 76' lang='grc'><strong>2.</strong></span> <span class='ocrx_word' id='word_1_422' title='bbox 543 4189 623 4246; x_wconf 83' lang='lat' dir='ltr'><strong>Med.</strong></span> <span class='ocrx_word' id='word_1_423' title='bbox 643 4190 761 4241; x_wconf 79' lang='lat' dir='ltr'><strong>Orcivioe</strong></span> <span class='ocrx_word' id='word_1_424' title='bbox 776 4190 845 4246; x_wconf 84' lang='lat' dir='ltr'><strong>ven.</strong></span> <span class='ocrx_word' id='word_1_425' title='bbox 859 4195 884 4250; x_wconf 89' lang='lat'><strong>1.</strong></span> <span class='ocrx_word' id='word_1_426' title='bbox 903 4221 938 4233; x_wconf 88' lang='lat'><em>-</em></span> <span class='ocrx_word' id='word_1_427' title='bbox 951 4197 1080 4246; x_wconf 76' lang='lat' dir='ltr'><strong>Horatiae</strong></span> <span class='ocrx_word' id='word_1_428' title='bbox 1095 4193 1158 4256; x_wconf 76' lang='lat' dir='ltr'><strong>Ald,</strong></span> <span class='ocrx_word' id='word_1_429' title='bbox 1180 4197 1206 4248; x_wconf 74' lang='grc'><strong>2.</strong></span> <span class='ocrx_word' id='word_1_430' title='bbox 1226 4212 1251 4246; x_wconf 85' lang='grc' dir='ltr'><strong>ν.</strong></span> 
     </span>
     <span class='ocr_line' id='line_1_51' title="bbox 185 4256 817 4326; baseline 0.009 -20"><span class='ocrx_word' id='word_1_431' title='bbox 185 4256 244 4307; x_wconf 86' lang='lat' dir='ltr'><strong>Cio.</strong></span> <span class='ocrx_word' id='word_1_432' title='bbox 256 4273 284 4324; x_wconf 89' lang='lat' dir='ltr'><strong>p.</strong></span> <span class='ocrx_word' id='word_1_433' title='bbox 299 4256 410 4311; x_wconf 85' lang='lat' dir='ltr'><strong>cluent.</strong></span> <span class='ocrx_word' id='word_1_434' title='bbox 425 4258 469 4326; x_wconf 75' lang='lat' dir='ltr'><strong>Sl,</strong></span> <span class='ocrx_word' id='word_1_435' title='bbox 483 4258 526 4313; x_wconf 77' lang='lat'><strong>58.</strong></span> <span class='ocrx_word' id='word_1_436' title='bbox 544 4259 624 4316; x_wconf 86' lang='lat' dir='ltr'><strong>Petit.</strong></span> <span class='ocrx_word' id='word_1_437' title='bbox 640 4259 725 4312; x_wconf 86' lang='lat' dir='ltr'><strong>Cone.</strong></span> <span class='ocrx_word' id='word_1_438' title='bbox 747 4275 773 4314; x_wconf 83' lang='lat' dir='ltr'><strong>a.</strong></span> <span class='ocrx_word' id='word_1_439' title='bbox 791 4261 817 4316; x_wconf 79' lang='lat'><strong>5.</strong></span> 
     </span>
    </p>
   </div>
   <div class='ocr_carea' id='block_1_5' title="bbox 0 0 1370 5018">
    <p class='ocr_par' dir='ltr' id='par_1_7' title="bbox 0 0 1370 5018">
     <span class='ocr_line' id='line_1_52' title="bbox 0 0 1370 5018; baseline 0 0"><span class='ocrx_word' id='word_1_440' title='bbox 0 0 1370 5018; x_wconf 95' lang='lat' dir='ltr'><strong> </strong></span> 
     </span>
    </p>
   </div>
  </div>
 </body>
</html>
