2692 5018
180 1096 325 1187 css.
369 1048 561 1187 nnnnss
607 1093 1017 1189 rnorscnnn

280 1333 583 1426 HENRICO
623 1333 921 1424 MEYERO

501 1572 534 1638 S.
576 1572 615 1639 1).
658 1575 696 1641 P.

63 2051 177 2183 Quod
206 2124 224 2163 a
256 2123 304 2163 me
331 2102 472 2182 precibus
499 2101 721 2176 humanissimis
750 2101 902 2182 petivisti,
923 2100 1060 2181 Meyere,
1088 2102 1135 2160 vir

63 2211 249 2286 amicissime,
271 2219 317 2286 ut,
339 2211 364 2268 si
384 2210 496 2287 legenti
517 2209 590 2269 mihi
612 2210 819 2268 adnotationes
844 2219 909 2267 tuas
931 2209 961 2266 in
984 2217 1136 2286 praestan·

63 2316 170 2374 tissimi
192 2317 320 2375 oratoris
341 2317 476 2376 libellum
494 2317 741 2395 elegantissimum
764 2317 841 2375 sorte
864 2315 1053 2390 occurrisset,
1076 2335 1136 2394 quo

63 2422 163 2480 iurari
191 2431 221 2482 te
249 2431 392 2502 tuamque
420 2443 543 2502 operam
564 2442 653 2502 posse
674 2424 882 2499 existimarem,
907 2432 1006 2481 tecum
1028 2422 1136 2480 vellem

64 2528 300 2591 communicare:
328 2527 361 2587 id
391 2548 463 2606 ego,
486 2530 622 2608 quamvis
642 2550 705 2589 non
726 2550 832 2610 parum
853 2529 972 2606 multis,
994 2538 1029 2587 ut
1049 2529 1137 2602 nosti,

63 2648 93 2696 et
112 2637 253 2716 gravibus
275 2636 403 2714 negotiis
425 2635 597 2713 districtus,
619 2657 727 2714 negare
747 2637 802 2696 tibi
824 2636 909 2695 nuile
930 2635 1021 2695 modo
1042 2638 1138 2715 potui.

62 2745 197 2824 Namque
225 2752 256 2803 et
276 2739 474 2802 honorificum
492 2742 567 2803 mihi
588 2753 650 2820 est,
671 2744 751 2822 quod
774 2764 871 2803 meum
890 2743 927 2802 de
949 2742 1056 2802 studiis
1078 2745 1138 2802 tuis

63 2871 244 2930 cognoscere
266 2849 355 2928 cupis
375 2849 541 2927 iudicium,
570 2861 601 2910 et
622 2871 657 2911 ea
678 2861 780 2912 tecum
800 2849 989 2910 necessitudo
1011 2851 1138 2909 interce-

64 2958 127 3038 dit,
156 2967 207 3034 ut,
232 2956 261 3017 si
286 2953 342 3014 tibi
366 2951 490 3014 honesta
512 2957 629 3037 petenti
658 2956 780 3034 obsequi
800 2956 980 3031 noluissem,
1011 2958 1137 3016 amicitia

64 3075 116 3123 tua
147 3083 207 3122 nou
234 3062 306 3123 satis
333 3060 439 3139 dignus
467 3067 531 3121 essa
558 3062 666 3132 merito
692 3062 853 3122 iudicares.
896 3063 1000 3142 Itaque
1021 3065 1138 3123 faciun-

64 3170 136 3230 dum
166 3167 289 3250 putavi,
320 3167 404 3247 quod
426 3187 529 3245 roges:
568 3169 599 3229 in
627 3188 689 3251 quo
710 3169 789 3228 sicut
821 3168 909 3227 facite
931 3175 1045 3250 poterit
1064 3171 1138 3243 fieri,

65 3288 99 3339 ut
135 3275 351 3363 exspectationi
387 3273 426 3335 de
457 3294 505 3335 me
539 3284 610 3335 tuse
644 3295 707 3335 non
736 3275 933 3350 satisfaciam,
976 3277 1035 3349 ita,
1066 3277 1138 3336 mihi

64 3386 172 3461 crede,
203 3404 263 3444 non
284 3380 480 3463 indignabor,
501 3381 527 3440 si
547 3382 735 3464 supprimere
756 3378 810 3441 has
831 3381 1038 3443 attestationes
1059 3405 1139 3443 meas

64 3514 153 3574 quam
175 3491 330 3572 publicare
351 3490 444 3549 satius
466 3489 630 3569 putaveris.
666 3488 742 3547 Nam
765 3497 794 3546 et·
816 3487 937 3548 difficile
960 3499 1024 3548 erat
1047 3492 1140 3550 mults

64 3601 213 3681 reperire,
244 3619 320 3685 quse
347 3606 519 3659 accuratam
546 3593 699 3655 scientiam
728 3605 817 3674 etque
840 3596 1037 3654 eruditionem
1060 3606 1140 3655 tumn

34 3721 38 3732 “
67 3707 242 3766 viderentur
269 3704 398 3782 fugisse,
429 3714 459 3762 et
489 3701 581 3762 malui
601 3701 634 3790 in
653 3698 712 3758 hoc
734 3710 799 3761 toto·
823 3702 904 3780 quod
925 3702 984 3761 tibi
1003 3712 1142 3781 praesta-

68 3831 130 3869 rem
153 3813 250 3871 officio
272 3811 436 3870 desiderari
460 3832 477 3867 a
499 3819 528 3869 te
551 3809 758 3879 dexteritatem
778 3831 884 3888 meam,
907 3830 996 3890 quem
1011 3828 1142 3869 amorem

69 3936 138 3996 erga
160 3926 190 3976 te
212 3939 246 3977 ac
266 3914 508 3980 benivolentiam.

71 4062 144 4142 Cap.
162 4066 190 4124 1.
211 4056 241 4141 §-
259 4066 287 4126 1.
316 4061 393 4122 bene
423 4061 536 4120 sactum
563 4068 639 4143 puto
663 4058 743 4138 quod
759 4057 912 4139 scripsisti
931 4055 1142 4136 prudentium.

154 4166 261 4251 Neque
287 4167 363 4231 enim
394 4168 528 4232 dubitari
557 4176 675 4255 potest,
706 4167 778 4248 quin
799 4168 897 4229 murus
918 4164 1084 4247 probabilis
1105 4163 1144 4222 sit
