2692 5018
343 303 413 370 AD
447 302 672 372 MARCUM
708 304 940 372 BRUTUM.
1121 314 1183 380 133

104 469 181 524 tum
216 456 382 523 ambitum
418 462 492 526 tum'
520 455 698 522 circuitum
728 467 802 523 tum
844 459 1183 548 'comprehensionem

104 573 167 626 aut
193 557 481 625 continuationem
502 569 561 624 eut
582 557 923 646 circumscriptionem
948 561 1110 644 dicimus,
1138 589 1183 630 an

104 662 142 728 in
164 661 340 750 principiis
359 662 466 728 solum
476 708 487 742 ,
503 683 551 727 ¹un
573 658 609 723 iu
623 661 798 739 extremis,
820 683 863 725 an
878 660 914 726 in
927 675 1070 750 utraque
1087 679 1183 751 parte

106 785 269 828 numerus
290 763 453 830 tenendus
474 764 526 830 sit.
570 761 702 826 Deinde
721 783 798 826 oum
821 761 912 828 aliud
932 765 1089 831 videatur
1111 772 1206 832 esse'

105 886 273 930 numerus
295 863 386 930 aliud
409 886 644 942 numerosum,
677 863 757 948 quid
779 863 917 930 intersit.
953 868 1045 932 Turn
1066 881 1179 934 autem
1193 874 1246 931 205

106 967 144 1032 in
166 965 367 1030 omnibusne
396 965 547 1032 numeris
576 964 760 1049 aequaliter
788 961 967 1051 particula's
984 967 1104 1034 deceat
1125 970 1184 1035 in-

109 1068 237 1147 cidere,
266 1091 310 1132 an
332 1068 442 1132 fucere
463 1068 544 1132 alias
568 1065 740 1131 breviores
763 1065 842 1130 alias
865 1066 1061 1154 longiores,¹
1081 1071 1183 1157 idque

110 1168 246 1255 quando
268 1179 327 1233 aut
349 1191 422 1242 cur3
445 1170 631 1255 quibusque
648 1169 815 1254 pertibus,
837 1169 1030 1254 pluribusne
1044 1193 1089 1236 an
1111 1171 1186 1253 sins

109 1275 214 1356 gulis,
234 1268 421 1355 imparibus
443 1293 488 1335 an
509 1270 717 1356 aequalibus3
730 1336 733 1341 ,
747 1281 780 1333 et
801 1271 932 1354 quando
953 1284 1012 1337 aut
1032 1271 1103 1336 istis
1123 1283 1184 1337 out

110 1373 174 1441 illis
193 1371 235 1438 sit
257 1370 438 1452 utendum3
460 1393 611 1458 quaeque
632 1371 721 1435 inter
743 1393 778 1435 se
792 1371 962 1458 aptissime
978 1372 1201 1438 collocentur.

115 1488 148 1541 et
168 1472 356 1560 quomodo,
392 1495 437 1537 au
462 1473 600 1538 omuino
623 1473 716 1538 nulla
737 1473 834 1538 sitin
857 1497 896 1539 eo
917 1496 1039 1561 genere
1063 1474 1212 1556 distin-¹

110 1577 195 1655 ctio;
228 1575 387 1662 quodque
416 1574 456 1638 ed
486 1597 559 1638 rem
590 1575 736 1639 maxime
765 1576 928 1662 pertinet,
967 1599 1033 1662 qua
1054 1576 1188 1659 ratione

109 1698 290 1742 numerosa
316 1675 378 1741 fiat
406 1675 518 1742 oratio.
583 1677 835 1762 [duplicandum
858 1689 906 1743 est
938 1680 1055 1754 etiam,
1095 1678 1250 1749 undenos>

111 1789 187 1855 orta
209 1777 254 1842 sit
274 1777 383 1844 forma
397 1778 594 1856 verborum,
623 1778 884 1863 dicendumque,
905 1791 1045 1864 quantos
1068 1779 1187 1844 circui·

113 1892 169 1944 tus
189 1877 302 1943 fucere
330 1880 459 1956 deceat,
491 1881 597 1964 deque
624 1901 741 1943 eorum
773 1881 946 1964 particulis
970 1893 1003 1945 et
1025 1891 1203 1968 tanquam

112 1978 329 2046 incisionibus
346 1983 576 2047 disserendum
592 1993 642 2045 est
657 1984 964 2068 quaerendumque,
980 1992 1095 2046 utrum
1108 1992 1186 2045 ‘nna

111 2081 239 2170 species
260 2094 294 2148 et
315 2083 488 2167 longitudo
509 2081 552 2148 sit
573 2105 688 2147 earum
711 2106 798 2148 anne
821 2085 951 2172 plures,
983 2096 1034 2164 et,
1061 2084 1186 2170 siplu-

111 2208 186 2268 res,
216 2207 284 2271 quo
308 2184 384 2251 loco
414 2197 474 2251 aut
498 2184 633 2269 quando
656 2205 789 2270 quoque
809 2209 932 2271 genere
954 2184 1002 2249 uti
1024 2195 1187 2274 oporteat.

112 2288 288 2363 Postremo
321 2284 424 2351 totius
456 2285 586 2370 generis
616 2287 740 2350 utilitas
771 2288 966 2373 explicanda
999 2298 1066 2364 est,
1102 2307 1219 2368 quoe«,

114 2387 253 2474 quidem
277 2397 368 2474 patet
396 2385 513 2450 latius:
554 2409 623 2450 non
644 2388 687 2450 nd
709 2409 811 2453 unam
834 2387 924 2452 enim
946 2410 1019 2453 rem
1043 2387 1189 2471 aliquam

114 2489 173 2557 sed
195 2487 238 2554 ad
260 2491 380 2575 plures
397 2488 683 2554 accommodatur.

200 2591 247 2659 At
263 2590 345 2655 lieet
364 2612 436 2654 non
456 2588 498 2655 ud
519 2589 663 2675 singulas
689 2610 741 2653 res
769 2589 1022 2675 respondentem
1045 2588 1086 2660 de
1107 2587 1188 2654 uni·
1203 2601 1255 2656 207

116 2716 218 2762 verso
239 2711 362 2778 genere
381 2691 428 2756 sic
459 2691 588 2771 dicere,
618 2702 657 2754 ut
678 2691 777 2756 etiam
800 2691 936 2776 singulis
956 2693 1034 2758 satis
1054 2712 1192 2777 respon-

121 2819 200 2862 sum
221 2816 290 2860 esse
316 2791 480 2861 rideatur.
539 2791 687 2859 Remotis
715 2793 817 2879 igitur
846 2793 986 2879 reliquis
1014 2793 1192 2881 generibus

123 2972 331 2991 m

122 3102 200 3156 riodo
211 3099 328 3172 plurima
342 3101 449 3153 nomino
464 3103 512 3151 dar
527 3100 632 3166 Cicero,
650 3101 790 3169 ambitum,
812 3103 966 3168 circuitum,
990 3097 1196 3169 comprehensio·

119 3190 199 3235 nem,
218 3173 455 3239 continuationem,
474 3171 764 3232 circumscriptionem.“

157 3259 195 3290 an
208 3243 237 3290 in
252 3240 393 3309 extremis]
413 3241 502 3290 autin
519 3259 541 3292 e.
558 3237 621 3290 sch.
638 3242 662 3295 1.

156 3309 301 3378 uideatur]
318 3310 423 3359 viderur
432 3308 486 3362 Dr.

185 3379 254 3433 1205.
290 3376 456 3446 aequaliter]
473 3376 648 3444 aequabiliter
659 3377 692 3429 L.
707 3377 786 3428 Man.

156 3445 287 3517 pertinet]
305 3449 437 3515 pertineat
452 3447 520 3500 Ven.
534 3448 560 3499 2.
576 3444 640 3497 Tul.
1175 3472 1177 3481 =

156 3515 346 3584 explicandum
363 3525 403 3565 eet
425 3516 526 3578 eliam]
545 3514 591 3565 Sic
607 3513 922 3583 Mon-explicandum
944 3516 1027 3565 eliam
1043 3521 1080 3562 eet
1096 3505 1197 3562 Ceteri.

191 3585 255 3639 206.
288 3584 449 3652 particulis]
466 3585 588 3652 parribus
606 3585 657 3635 Dr.

157 3654 336 3705 disserendum
353 3651 410 3722 eet]
429 3669 487 3703 om.
508 3664 548 3704 ert
564 3652 714 3722 mg·1578.

157 3740 214 3774 una
228 3719 341 3789 species]
360 3740 418 3789 epea
432 3722 485 3774 Dr.

157 3789 216 3858 eie]
237 3801 294 3844 om.
307 3794 377 3844 Ven.
389 3792 416 3845 2.

160 3878 230 3911 anne
243 3859 351 3926 plures]
370 3875 407 3908 an
421 3866 509 3924 plures
524 3857 581 3913 vit.
593 3885 628 3897 -
645 3876 680 3906 un
696 3876 724 3908 re
735 3864 824 3924 plures
835 3857 888 3910 Dr.

158 3948 213 3981 non
225 3925 371 3994 adunam]
390 3947 441 3979 non
463 3929 492 3978 id
512 3947 591 3978 unam
616 3928 668 3976 Dr.

195 3999 259 4050 207.
297 4009 326 4047 ar
340 3997 420 4065 lieet]
440 3996 484 4049 Sic
500 3995 594 4064 recepi
618 4013 633 4046 e
660 3997 711 4046 Dr.
733 3994 827 4047 Multa
851 3993 963 4063 quidem
984 4000 1050 4045 sunt
1068 4001 1098 4044 et
1119 3990 1205 4056 ruric,

129 4067 167 4120 de
180 4064 494 4132 quihus'disputentunr
509 4064 560 4118 sit:
579 4072 608 4115 et
623 4080 681 4114 non
695 4062 730 4114 ad
739 4063 849 4130 singule
857 4062 1043 4130 respondebo,
1051 4059 1101 4114 sed
1115 4071 1206 4115 totum

128 4135 375 4200 comprehendam
390 4152 493 4203 genus,
517 4136 557 4186 ita‘
573 4141 669 4185 tamen
687 4141 720 4184 nt
731 4133 816 4185 etiem
829 4133 948 4202 siugulis
962 4131 1028 4186 sutis
1040 4147 1208 4202 responsum

130 4204 273 4259 videatur.
290 4231 324 4244 -
343 4222 377 4254 oc
399 4206 462 4256 lieet
484 4203 586 4256 Ceteri.

169 4292 228 4327 esse
240 4274 387 4339 uideatur]
406 4293 462 4327 om.
478 4293 532 4325 erse
546 4274 613 4328 ch.
628 4274 654 4326 l.
666 4268 744 4325 Med.
