2656 5018
294 269 367 339 ΔΙ)
406 264 641 336 MARCUM
674 262 907 333 ulturum
1119 270 1144 336 9

59 429 154 497 tritas
172 426 422 510 relinquamus.
470 420 541 506 Ego
568 432 683 486 entem
710 430 743 486 et
768 441 825 486 me
854 440 953 509 saepe
979 416 1198 488 noceri-12

61 532 129 598 deri
152 529 270 594 dicere
295 523 466 610 intelligo.
488 545 566 591 cum
591 534 768 613 pervetera
793 522 920 602 dicam,
955 522 1014 587 sed
1041 521 1144 588 insu·

58 634 123 698 dita
145 627 338 720 plerisquee
369 635 404 690 et
425 622 551 708 fateor,
579 649 636 691 me
665 638 852 704 oratorem,
891 626 920 691 si
947 622 1049 689 modo
1076 624 1142 690 sim

55 731 240 801 autetiam
266 727 474 816 quicumque
500 728 583 810 sim,
626 750 698 793 non
721 748 764 792 ex
798 726 972 792 rhetorum
1002 725 1143 793 officinis

56 834 113 902 sed
126 855 173 900 ex
189 829 392 900 Academiae
414 828 531 916 spatiis
555 830 722 896 extitisse:
752 827 810 897 illa
826 830 914 895 euim
931 840 1008 895 sunt
1030 829 1142 896 curri·

57 936 136 1002 cula
170 930 406 1019 multiplicium
435 934 677 1019 variorumque
705 951 921 1009 sermonum,
962 932 1142 1017 inquibus

56 1034 218 1106 Platonis
241 1034 384 1119 primum
409 1046 490 1101 sunt
512 1033 675 1122 impresse
696 1030 844 1117 vestigio.
895 1031 960 1099 Sed
984 1047 1017 1098 et
1040 1034 1142 1100 huius

60 1152 99 1205 et
124 1137 267 1204 aliorum
292 1136 575 1225 philosophorum
604 1131 883 1221 disputationibus
906 1145 939 1198 et
957 1136 1142 1219 exagitatus

63 1238 214 1306 maxime
235 1249 349 1303 orator
367 1247 419 1303 est
443 1250 476 1305 et
498 1237 643 1303 adiutus.
696 1235 816 1301 Omnis
840 1237 932 1304 enim
954 1236 1092 1302 ubertas
1107 1246 1143 1304 et

66 1340 158 1430 qnasi
175 1341 259 1407 silve
274 1340 419 1413 ,dicendi
434 1341 532 1406 ductu
549 1339 592 1404 ab
607 1337 671 1404 illis
692 1349 756 1410 est,
779 1361 841 1403 neo
854 1339 930 1404 satis
951 1351 1063 1405 tamen
1083 1340 1140 1406 iu·

60 1454 185 1510 structa
207 1442 250 1508 ad
273 1440 427 1509 forenses
446 1463 578 1508 causare
609 1461 709 1526 quas,
731 1451 770 1505 ut
783 1440 832 1506 illi
846 1441 909 1530 ipsi
925 1442 1034 1509 dicere
1051 1443 1142 1509 sole-

57 1547 156 1626 bant,
178 1545 421 1632 agrestioribus
432 1545 537 1612 Musis
553 1544 732 1630 reliquere.
777 1543 831 1610 sic
852 1545 1042 1631 eloquentia
1055 1545 1138 1610 hacc
1159 1533 1195 1590 ¹³

55 1647 205 1714 forensia
217 1659 334 1732 spreta
356 1647 596 1736 uphilosophis
619 1658 653 1711 et
670 1644 848 1736 repudiate
867 1649 983 1713 multis
1002 1647 1141 1733 quidem

56 1751 113 1817 ille
134 1747 342 1815 adiumentis
360 1750 558 1834 magnisque
578 1747 705 1828 caruit,
726 1747 783 1812 sed
802 1759 915 1814 tamen
931 1761 1141 1816 ornatores-

57 1851 110 1916 bis
134 1862 236 1940 atque
264 1851 438 1916 sententiis
464 1850 676 1917 iactationem
708 1850 825 1915 hebuit
847 1850 883 1915 in
904 1852 1048 1939 populo,
1078 1874 1142 1917 nec

60 1975 250 2043 paucorum
284 1951 446 2017 indicium
476 1952 839 2039 reprehensionemque
865 1952 1050 2040 pertimuit.
1092 1953 1142 2017 lta

60 2067 93 2121 et
125 2054 235 2120 doctis
271 2052 464 2141 eloquentia
493 2054 669 2142 popularis
695 2063 729 2118 ct
748 2053 880 2120 disertis
906 2055 1039 2141 elegans
1056 2054 1142 2123 ‹loo-

59 2157 150 2223 trina
173 2153 296 2222 deluit.

148 2259 303 2324 Positum
317 2255 473 2342 sitigitnr
492 2257 530 2323 in
551 2256 684 2345 primis,
708 2257 809 2344 (quod
823 2271 898 2347 post
918 2260 1023 2346 magis
1038 2257 1141 2327 intel·
1161 2250 1183 2313 4

64 2361 210 2445 ligetur)
232 2358 304 2423 sine
317 2357 526 2446 philosophie
546 2383 616 2425 non
636 2383 733 2448 posse
755 2359 859 2441 ellici,
887 2384 989 2447 quem
1005 2360 1138 2448 quaeri·
1162 2351 1196 2409 ¹4

66 2484 165 2541 mus,
188 2459 411 2544 eloquentemz
443 2483 512 2526 non
529 2461 684 2527 utinen
707 2474 818 2527 tamen
844 2465 957 2530 omnia
971 2463 1055 2543 sint,
1081 2461 1140 2527 sed

62 2575 104 2630 ut
137 2562 190 2629 sio
228 2559 359 2628 adiuret
390 2572 429 2628 ut
461 2563 626 2651 palaestra
660 2563 869 2636 histrionem.
917 2586 1024 2654 parva
1050 2563 1141 2628 enim

61 2664 197 2752 magnis
228 2686 326 2752 saepe
352 2664 538 2732 rectissime
569 2663 796 2736 conferuntur.
840 2692 922 2736 nam
949 2688 1015 2735 neo
1041 2665 1142 2734 latius

133 2941 178 3024 42.
213 2942 436 3024 tempererare]
456 2960 533 3024 quone
546 2941 613 2996 Vsu.
628 2943 654 2997 2.
663 2942 729 2997 Tul.

101 3011 483 3146 reuersurus-⁴:2⁴.
493 3011 764 3146 'silenti
778 3099 794 3134 .
809 3059 947 3153 m...
963 3083 1032 3150 xi,
1052 3084 1079 3151 2,
1098 3082 1142 3138 2..

66 3147 178 3199 Auctor
191 3143 308 3200 decens.
323 3164 395 3200 corr.
411 3147 484 3217 eloq.
504 3165 528 3201 e.
541 3149 584 3204 32.

98 3215 153 3268 illa
165 3217 232 3266 enim
244 3217 326 3283 suri]
344 3229 404 3267 suet
418 3221 485 3267 enim
498 3219 581 3270 Beier
594 3218 630 3270 ud
642 3218 698 3272 cto.
712 3219 797 3272 Offlc.
815 3222 848 3270 T·
864 3223 890 3275 2.
909 3237 936 3289 p·
950 3221 1010 3277 296.

97 3283 305 3353 multiplicium]
325 3285 500 3354 multiplicum
512 3287 568 3340 vit.
582 3287 633 3340 Dr.
650 3289 730 3340 Mon.

62 3352 323 3476 Tuepnexjgpreqpss]
339 3353 393 3476 lgp.
406 3355 529 3436 Dr.·Gu.
537 3357 564 3413 2.
573 3355 599 3409 3.
618 3356 703 3478 Μιοὲιὸ
713 3359 792 3480 {equ
793 3358 816 3409 1.
826 3356 947 3478 2.EMed.
956 3360 1017 3412 Asc.
1028 3357 1072 3412 Cr.
1082 3355 1144 3411 ΑΜ.

119 3463 128 3480 ,
236 3461 243 3476 .
324 3462 332 3477 .
390 3451 443 3476 .-
458 3443 492 3474 sm
512 3443 585 3474 resen
597 3445 642 3475 sun
706 3443 746 3479 n.
793 3443 837 3482 sn.
877 3444 920 3481 ru.

96 3497 144 3544 secl
157 3503 184 3541 et
199 3490 298 3554 buius]
316 3503 342 3543 et
355 3509 411 3545 um.
427 3444 534 3547 νεά.

96 3579 147 3613 nee
157 3560 228 3610 sucis
240 3561 344 3629 iumen]
365 3564 535 3613 sumersetis
550 3565 618 3619 Vett.
634 3563 661 3618 2.
678 3563 743 3617 Tul.

88 3629 239 3702 forenses]
251 3626 385 3698 forenuie
398 3629 496 3683 Lamb.

98 3697 248 3764 reliquere]
267 3698 365 3751 Vit.-
380 3696 471 3750 Celeri
483 3697 651 3768 reliquerunt.

133 3767 178 3825 18.
212 3765 306 3817 uiuitis
319 3769 422 3836 quidem
435 3768 506 3835 illc]
524 3769 614 3820 multis
629 3770 800 3837 quiiminus
813 3768 868 3826 Vit.

103 3835 293 3903 ienaiioeem]
311 3838 453 3888 ius-tionem
467 3838 519 3889 Dr.

101 3905 228 3957 iudicium
240 3906 524 3975 reprehensionemque]
544 3906 670 3957 iuditium
687 3907 907 3974 inclusionemque
920 3910 976 3965 vit.

132 3976 204 4043 Cup.
224 3971 251 4026 4.
288 3975 331 4031 14.
365 3974 546 4045 intelligetur]
564 3974 723 4038 intelligitur
734 3976 801 4030 νου.
815 3979 839 4033 l.
857 3979 936 4036 Med.

100 4046 190 4095 omnia
204 4042 279 4111 sins]
298 4047 352 4093 sint
368 4047 456 4094 omnia
470 4045 568 4101 Lumb.
988 4084 991 4089 -

98 4124 128 4163 ur
140 4111 197 4179 sic]
218 4113 260 4162 sie
273 4129 330 4164 om.
346 4112 414 4166 Ven.
429 4115 453 4166 1.
472 4113 551 4167 Med.

99 4200 146 4233 nee
158 4182 244 4234 latius
255 4201 304 4231 nee
318 4182 464 4252 copiosius]
481 4202 562 4252 neque
574 4182 659 4235 latius
673 4193 753 4250 nique
762 4184 888 4254 copiosius
897 4185 948 4240 Dr.
959 4186 1012 4240 Gu.
1021 4189 1047 4244 2.
1055 4215 1087 4228 ·-
1096 4207 1143 4239 ner

74 4248 149 4303 lolius
162 4262 246 4322 atque
257 4268 280 4306 c.
295 4250 352 4304 vit.
370 4278 405 4292 -
421 4271 469 4305 uec
484 4251 534 4306 lat.
549 4272 630 4323 neque
642 4270 665 4305 e.
682 4252 753 4309 Kob-
