2692 5018
237 273 308 343 AD
345 270 584 343 MARCUM
610 273 842 346 BRUTUM.
1039 274 1079 351 81

75 426 244 519 ius'quasi
272 428 315 494 ad
349 427 556 515 interrogata
590 426 655 495 sibi
686 427 757 516 ipse
788 429 1007 518 respondeat:
1043 442 1082 498 ut

75 542 190 610 lr'alao
229 529 317 596 dicat
343 528 451 617 ¹atmipi
481 541 515 595 et
546 530 665 597 sentiri
692 531 793 597 velit:
831 543 870 597 ut
898 533 1082 615 addubitet,

75 634 86 699 l
114 633 225 724 potius
247 643 306 696 aut
328 630 498 717 quomodo
527 631 631 698 dieat:
666 644 704 699 ut
736 633 865 700 dividat
889 632 924 699 in
950 647 1080 723 partes:

75 736 188 822 utquid
222 733 393 818 relinquet
417 756 456 799 ao
485 732 647 821 negligat:
678 746 719 800 ut
746 748 825 801 anto
852 735 1079 824 praemuniat:

77 862 99 903 n
128 861 168 902 eo
195 837 286 925 ipso,
314 836 351 901 in
379 857 447 923 quo
472 836 761 922 reprebendatur,
790 839 926 926 culpam
952 837 987 905 in
1015 840 1080 906 ad-

75 941 191 1006 iarium
222 935 384 1005 conferat.
441 937 489 1007 Ut
516 959 616 1026 saepe
644 962 722 1005 oum
745 940 806 1019 iis,
842 939 900 1026 qui
927 940 1081 1026 audiunt,
1102 948 1153 1006 138

77 1064 251 1130 uunquam
281 1041 379 1105 etism
403 1061 480 1105 eum
502 1041 695 1109 adversario
715 1042 808 1130 qussi
831 1040 1005 1109 deliberet:
1042 1056 1081 1111 ut

75 1144 185 1211 sinum
206 1162 378 1207 sermone:
394 1162 573 1228 moresque
594 1142 775 1210 describat:
798 1154 837 1208 ut
859 1155 953 1207 muta
975 1165 1081 1230 quoe-

75 1244 277 1335 :loquentia
299 1242 452 1308 inducat:
489 1255 528 1307 ut
548 1244 590 1308 ab
612 1267 670 1326 eo,
692 1244 781 1332 quod
804 1244 929 1331 agitur,
951 1259 1084 1315 avertat

75 1369 156 1412 uos:
192 1356 231 1410 ut
258 1367 357 1432 saepe
385 1343 421 1408 in
440 1342 654 1427 bilaritatem
685 1347 859 1434 risumque
891 1361 1082 1415 eonvertat:

75 1459 143 1514 tute
165 1456 323 1535 occupet,
354 1445 444 1530 quod
468 1445 581 1511 videat
608 1447 751 1536 opponi:
782 1461 820 1513 ut
840 1462 1015 1538 comparet
1035 1450 1083 1514 si-

75 1549 231 1616 [tudinesz
270 1559 308 1612 ut
329 1558 445 1613 utatur
466 1548 646 1636 exemplis:
676 1561 714 1615 ut
734 1549 823 1616 aliud
847 1549 902 1615 alii
933 1550 1083 1618 tribuens

75 1653 200 1717 tertiat:
230 1662 269 1715 ut
297 1650 505 1736 interpellet:
534 1651 887 1739 utinterpellatorem
914 1651 1081 1718 coerceat:

75 1753 195 1840 :liquid
216 1751 356 1818 reticere
379 1775 414 1817 se
427 1752 526 1827 dicat:
549 1765 588 1819 ut
609 1751 804 1834 denuntiet,
828 1751 908 1840 quid
923 1765 1082 1842 caveant:

75 2065 141 2134 asi]
160 2081 215 2117 om.
233 2064 289 2116 Gn.
306 2063 331 2117 8.
348 2063 412 2119 sch.
427 2065 453 2118 2.

75 2136 94 2186 o·
109 2137 166 2203 ipse
179 2135 354 2201 respondeat]
372 2134 527 2200 respondent
540 2133 592 2182 siti
606 2134 663 2200 ipse
675 2131 742 2182 Ven.
757 2132 782 2185 2.
804 2158 840 2169 -
861 2129 915 2182 Jul.
935 2128 1009 2184 Vici.
1024 2128 1044 2181 l.
1059 2128 1080 2185 l.

75 2206 132 2274 ipse
146 2205 310 2271 respondeat,
329 2216 358 2252 ut
375 2214 467 2253 contro
481 2219 516 2252 ae
529 2202 603 2253 dieat
615 2203 705 2270 arcipi
718 2200 790 2253 velit.
801 2228 828 2240 -
845 2211 875 2251 ut
891 2219 978 2251 rursus
993 2201 1031 2250 all
1042 2197 1082 2250 in‘-

75 2284 148 2342 gata
164 2273 317 2340 respondeat
335 2272 390 2322 Gu.
405 2271 432 2324 ὃ.

75 2364 76 2372 ¹
92 2342 190 2402 dicat]
209 2341 363 2389 ordiretur
380 2340 449 2407 Reg.
460 2338 542 2392 7708.
558 2363 589 2377 -
607 2357 684 2406 quum
698 2340 773 2390 client
787 2338 820 2390 R.
837 2336 916 2393 7704.

75 2409 134 2476 *cipi
151 2421 175 2458 et
189 2410 282 2458 sentiri
290 2409 301 2474 ]
323 2411 411 2472 :recipi
422 2427 456 2459 ae
472 2408 566 2458 sentiri
585 2406 641 2458 Vll.
655 2434 689 2449 -ι
709 2420 734 2457 et
754 2411 850 2458 sentire
869 2409 940 2463 Ven.
961 2408 986 2464 1.
1006 2406 1034 2463 ἲ.
1050 2428 1083 2448 ·-⁴

87 2489 115 2527 et
136 2477 230 2527 sentiri
245 2475 299 2528 lul.
318 2477 432 2530 Vict.-
450 2477 569 2542 accipiat
582 2476 728 2546 sentirique
738 2476 801 2528 velit
814 2477 876 2530 Ve't.

87 2544 247 2613 addubitet]
267 2556 295 2594 ut
309 2547 412 2596 dubitet
426 2563 455 2595 eo
470 2547 535 2613 quid
549 2545 609 2597 Vet.

75 2614 234 2684 megiigot]
254 2625 300 2662 aut
318 2635 344 2667 n.
362 2615 443 2666 Mon.

77 2684 140 2739 138.
178 2703 235 2734 curri
260 2685 294 2732 iis
311 2684 376 2752 qui]
394 2701 451 2733 euru
467 2681 510 2731 iiis
524 2681 584 2738 vit.
598 2682 667 2735 Veli.
683 2683 707 2736 1.
722 2684 748 2736 ἓ.
769 2680 846 2734 Med.
859 2680 923 2734 Tul·
937 2681 994 2736 Jul.
1007 2679 1083 2736 Vici.

75 2770 174 2805 tmones
190 2752 338 2820 moresque]
356 2771 438 2803 :nores
453 2769 630 2820 sermonesque
643 2751 759 2820 Quintil.
782 2751 847 2806 Sch.
1108 2757 1110 2764 ’

80 2823 181 2888 muto]
199 2839 254 2874 orn.
275 2833 303 2871 ut
317 2823 399 2873 Mon.

75 2891 199 2958 urentia]
219 2890 366 2959 eloquentia
382 2891 434 2945 Dr.
446 2890 515 2943 Ven.
538 2889 603 2945 102.
617 2888 695 2942 Med.
711 2888 792 2941 Aldd.
817 2889 860 2942 lu·
886 2889 962 2946 Crat.
976 2887 1048 2942 Vict-

77 2966 184 3027 caepe]
203 2971 231 3008 ut
248 2979 276 3006 se
291 2959 345 3011 Jul.
361 2959 433 3011 Vici.
688 3024 694 3040 ι

75 3026 465 3162 itti-‘ibl‘tsff‘illlnss
472 3025 877 3164 Jtttdttiif'btliujit
889 3107 975 3162 pasti.

75 3162 198 3237 geratur]
218 3181 274 3216 om.
291 3177 320 3214 ur
335 3164 391 3218 Vit.
405 3166 455 3220 Dr.
473 3165 540 3217 Ven.
558 3167 617 3220 tt.
637 3164 716 3220 Med.
732 3163 797 3217 Tul.
818 3167 920 3215 citatur
933 3166 1015 3218 Mon.

75 3230 123 3287 id
138 3231 209 3297 olii]
227 3232 304 3283 eliud
318 3235 432 3283 tribuens
447 3235 593 3300 dispartiat
606 3232 662 3288 vit.
840 3292 844 3299 ἱ

75 3301 248 3369 interpellet,
267 3314 295 3350 ur
311 3305 382 3367 ion]
401 3301 447 3353 Sic
462 3301 563 3370 scripsi
580 3318 595 3351 e
610 3299 750 3370 probabili
767 3299 939 3366 conjecturs,
957 3298 992 3352 sd
1002 3315 1088 3370 quum

79 3406 82 3411 ·
100 3370 290 3425 manuduxit
306 3371 362 3430 Vit.
376 3373 456 3424 Mon.
472 3373 538 3422 Ven.
559 3374 582 3425 l.
599 3373 625 3426 2.
645 3382 674 3421 nt
689 3371 852 3439 interpeller,
870 3383 1000 3421 oratorem
1016 3389 1088 3420 coer-

75 3462 121 3483 *-
130 3457 187 3492 om.
197 3452 226 3491 ut
232 3440 379 3509 interpellet
390 3439 492 3494 Ceteri.
501 3465 534 3477 -
542 3451 572 3488 ut
586 3438 806 3508 interpellatorem
814 3439 998 3506 interpellatus
1011 3458 1088 3488 coer-

75 3508 152 3565 nlo.
165 3511 191 3564 2.
225 3511 320 3560 Meum
334 3518 428 3561 sutem
439 3507 589 3562 lectionem
603 3524 662 3561 esse
678 3524 790 3575 veram,
817 3525 849 3559 ex
869 3509 928 3559 Cio.
947 3507 982 3558 de
1004 3508 1086 3564 Oret.

75 3582 132 3637 53.
150 3579 177 3646 ἕ.
193 3581 255 3634 205.
275 3578 334 3646 (qui
350 3586 448 3630 nostro
466 3577 582 3630 omnino
600 3578 752 3644 respondet
764 3572 1086 3644 loeus)lueulonter‘sp·

83 3684 106 3715 ,
124 3649 175 3700 ubi
185 3648 259 3699 inter
274 3648 384 3700 dicendi
401 3648 506 3718 ligures
516 3646 569 3699 ose
577 3663 690 3717 quoque
701 3657 911 3699 memorantur:
923 3675 958 3684 —
965 3645 1086 3709 „simili-

75 3730 117 3768 εἰ
134 3717 296 3784 exemplum,
315 3720 445 3787 digestio,
465 3715 639 3783 interpell
645 3734 662 3765 o
672 3728 682 3765 t
690 3719 740 3783 io,
760 3718 900 3781 eontentio,
916 3713 1086 3768 reticentio.“

78 3785 185 3838 uiuet.
209 3788 263 3853 IX,
282 3790 317 3854 2,
335 3790 361 3842 2.
397 3789 488 3853 „Nam
504 3788 631 3855 quomodo
645 3787 725 3834 iudex
747 3787 836 3838 doceri
854 3795 959 3854 potest,
978 3785 1086 3834 sitierit

75 3857 129 3905 *is
151 3855 319 3923 explanatio,
350 3857 497 3925 propositio
529 3882 566 3894 -
596 3881 630 3894 -
656 3882 685 3893 -
709 3856 904 3923 praemunitio,
930 3852 1086 3919 similitudo,

75 3923 175 3989 bium,
201 3926 330 3992 digestio,
358 3925 523 3991 distributio,
548 3921 823 3992 interpellatio,
847 3921 1088 3993 interpellan-

75 3992 274 4059 'oereitio,
293 3994 460 4047 contentio.“
755 4017 758 4022 ·
871 4011 873 4015 ’

75 4058 179 4124 fcere]
198 4064 308 4112 retinere
324 4065 385 4114 Vet.
618 4085 621 4088 ·

79 4130 251 4196 denuntiet]
270 4142 296 4180 et
310 4137 365 4182 den.
384 4130 441 4182 Vit.
465 4129 545 4184 Med.
567 4129 635 4186 Tul.
656 4183 660 4188 ,

75 4199 182 4265 ceant]
200 4195 251 4250 int.
268 4199 383 4254 iudices.
402 4201 449 4254 Sio
470 4201 528 4254 vit.
544 4201 627 4252 Mon.
641 4199 715 4254 vtes.
730 4200 812 4255 Grut.
826 4198 896 4253 Em.
908 4196 974 4252 Soli.
989 4212 1024 4249 se
1038 4195 1094 4249 dul.

75 4278 124 4323 br.
140 4297 177 4309 -
191 4282 283 4321 caveo:
299 4270 351 4325 Dr.
365 4271 435 4324 Veri.
460 4270 484 4324 1.
501 4272 528 4325 2.
546 4270 627 4326 Med.
640 4272 687 4324 Cr.
701 4268 766 4324 Tul.
787 4269 871 4322 Aldd.
891 4270 970 4321 Man.
997 4267 1048 4322 Or.
1063 4283 1096 4318 eo

863 4337 889 4402 F
