2692 5018
151 251 235 322 104³
398 298 404 311 1
494 300 496 304 ,
585 244 826 316 oauaoa.
1091 201 1093 205 ¹

153 423 272 468 eorum
286 399 491 480 verborum,
513 404 657 486 quorum
673 399 808 464 eaedem
825 410 923 466 arant
935 404 1127 486 postremae
1141 397 1251 464 duae*-

151 504 287 584 literae,
314 506 401 587 qua'e
422 514 502 567 sunt
523 503 559 568 in
584 513 759 591 optumae,
789 514 995 590 postremam
1012 499 1148 564 literam
1170 501 1234 564 da·

156 604 350 682 trahebant,
385 604 449 668 nisi
476 602 598 672 vocatu
627 606 893 691 insequebatur..
926 607 977 671 lta
994 624 1073 668 ¹aton
1098 613 1234 668 cretea

156 703 296 771 offensio
326 704 363 769 iu
389 705 555 787 versibus,
585 731 688 796 quam
711 731 804 774 nuno
827 707 962 795 fugiunt
992 705 1109 794 politae
1133 705 1231 770 novi.

154 809 206 876 Ita
227 807 317 871 enim
340 807 580 889 loquebamur:

179 969 185 985 ,
265 974 299 989 ,-
366 910 426 990 Qui
446 926 487 972 eet
508 913 637 975 omnidu’
656 918 793 998 princepe

156 990 243 1078 Non,
266 995 399 1057 omnibus
418 999 569 1079 princeps,
591 1015 628 1074 et,

202 1074 206 1081 ¹
366 1079 441 1140 Vita
462 1079 519 1142 illa
541 1081 642 1166 digu’‚
664 1082 788 1171 locoque

157 1167 243 1243 Non,
269 1163 384 1246 dignae.

160 1281 262 1373 Quod
286 1281 313 1344 si
337 1281 467 1346 indocta
493 1282 701 1349 consuetudo
728 1295 798 1350 tam
824 1294 874 1349 eat
899 1283 1024 1350 artifex
1046 1282 1249 1362 suavitatis.

16 1465 18 1469 ¹
160 1383 243 1466 quid
266 1383 307 1447 ab
330 1382 401 1470 ipsa
421 1387 554 1449 tandem
572 1397 645 1450 arte
663 1398 696 1449 et
711 1386 864 1451 doctrina
880 1385 1038 1474 postulari
1054 1388 1239 1474 putamus?

101 1471 152 1550 1'62
165 1485 255 1551 Haec
282 1485 350 1549 dixi
372 1482 507 1553 brevius
530 1486 682 1574 quamsi
704 1487 767 1553 hac
786 1487 829 1552 de
857 1509 983 1553 rauna
1012 1489 1233 1580 disputarem,

160 1649 368 1663 m

195 1743 316 1808 eaedem]
333 1744 424 1793 eadem
437 1741 494 1796 Vit.
509 1745 562 1797 Dr.
575 1743 645 1797 Van.
661 1745 687 1798 1.
714 1780 717 1785 ·
1075 1781 1079 1786 ·

197 1812 332 1880 optumus]
355 1817 465 1879 opturo'te
481 1815 549 1868 Van.
565 1814 590 1866 1.
602 1841 636 1853 ·-
651 1811 775 1882 optimine
794 1813 844 1866 Dr.
856 1813 956 1880 Pomp.
972 1814 1004 1866 C.
1021 1816 1052 1867 Α.
1070 1815 1107 1868 D.
1128 1831 1156 1884 p.
1169 1817 1244 1872 223(

164 1881 355 1949 „Antiaticiton
373 1884 472 1933 dicitur
499 1885 603 1952 quando
622 1881 708 1933 altera
725 1881 818 1932 littera
840 1900 887 1948 pro
910 1882 998 1933 altera
1018 1887 1134 1952 ponitur.
1170 1889 1246 1937 Hae·

165 1961 253 1999 autem
276 1950 348 2000 eolice
365 1953 493 2003 eiusmodi
507 1964 582 2019 cunt,
601 1969 727 2019 quaepro
749 1953 850 2017 seponi
868 1965 995 2018 puerunt,
1015 1972 1033 2002 u
1053 1966 1078 2004 et
1100 1955 1111 2002 i
1129 1954 1235 2009 littera.

164 2021 235 2069 Ietae
248 2017 354 2070 litterae
369 2023 438 2070 inter
451 2040 477 2070 ae
492 2039 627 2086 pac-arnul
640 2022 733 2070 dicere.
764 2022 813 2070 Via
828 2022 893 2069 acire
906 2021 955 2070 iioc
969 2039 1055 2071 verum
1070 2025 1145 2075 erae?
1161 2025 1235 2075 Ecce

166 2099 329 2154 aptumue
355 2101 381 2139 et
412 2091 572 2154 optimae.
609 2089 745 2156 Numquid
767 2089 827 2138 dico
849 2091 1023 2153 optumae?
1057 2093 1127 2140 latae
1154 2093 1233 2157 iprae

167 2157 236 2205 duae
253 2154 359 2207 litterae
380 2159 449 2207 inter
467 2178 495 2210 ee
513 2169 622 2228 puniunt
641 2159 811 2218 commutari,
839 2159 850 2207 i
870 2169 895 2206 et
914 2157 964 2207 u.“
992 2157 1233 2227 Quinct.1‚7,21.

169 2225 282 2290 „Etiam
298 2228 460 2294 optimae,
480 2231 628 2277 maxima
638 2246 665 2291 e,
684 2237 712 2275 ut
730 2227 843 2274 mediam
857 2225 999 2291 iliteram,
1024 2247 1090 2294 quae
1103 2232 1238 2279 veteribua

169 2292 298 2363 usuerat,
316 2297 473 2363 acciperent,
489 2298 515 2348 0.
527 2297 639 2362 primum
656 2295 777 2346 Caesarie
788 2296 957 2364 inacrtptione
970 2295 1236 2368 traditurfactum.“

203 2365 257 2412 nisi
270 2365 391 2429 vocalia]
409 2366 464 2414 uiri
484 2367 530 2415 ubi
543 2363 642 2413 vocalia
654 2364 706 2415 Dr.

202 2443 260 2481 erat
274 2451 305 2482 ea
319 2430 446 2498 offlnsio]
466 2435 522 2488 vit.
537 2433 606 2484 Ven.
623 2435 647 2485 1.
660 2434 685 2486 2.
705 2431 769 2486 Tul.
785 2429 865 2483 tldd.
878 2433 924 2486 Cr.
938 2433 1011 2486 Viot.
1025 2434 1104 2488 Man.
1118 2434 1196 2487 Med.
1206 2437 1237 2494 t..

168 2526 204 2540 ι·-
220 2515 276 2552 om.
289 2519 321 2552 ea
335 2504 387 2554 Dr.
405 2500 488 2556 Grut.
501 2504 570 2556 Ern.
586 2501 638 2554 Or.
661 2529 696 2540 -
713 2504 748 2553 Id
766 2520 818 2553 non
842 2513 900 2554 erat
920 2501 1061 2569 offamiani
1079 2507 1108 2554 in
1119 2507 1236 2557 uersibus

169 2568 268 2622 seha.
565 2614 576 2632 .

204 2631 385 2706 loquebamur]
405 2636 606 2707 loquebarVen.
622 2635 870 2707 10-loquebantur
885 2639 1017 2709 Heuting.
1032 2639 1098 2694 Sch.
1113 2639 1236 2712 improb.

169 2705 303 2762 Schneid.
319 2708 350 2759 L.
370 2707 405 2758 G·
421 2712 445 2763 l.
458 2725 486 2774 p.
502 2705 563 2761 347.

204 2777 316 2825 amnidu'
330 2777 470 2843 princepe]
489 2776 606 2826 omnibus
617 2775 737 2846 princepe
755 2793 805 2825 non
817 2777 929 2826 omnium
944 2787 975 2826 ut
986 2778 1044 2828 vita
1064 2778 1115 2829 illa
1127 2782 1238 2848 dignum

169 2842 239 2896 Ven.
254 2847 277 2896 l.
290 2855 325 2884 ·'·-
339 2845 455 2896 amnibue
469 2865 509 2915 pr.
525 2863 577 2894 non
589 2845 702 2895 omnium
721 2861 764 2914 pr·
780 2844 834 2901 Vit.
850 2846 927 2899 Med.
946 2873 985 2884 —
1003 2850 1107 2898 omnibu
1125 2868 1169 2918 pr.
1186 2869 1238 2901 noa

171 2920 284 2963 omnium
294 2933 335 2981 pr.
348 2914 401 2965 Dr.

204 2985 249 3046 et]
269 2995 298 3032 ut
318 2981 397 3033 Med.

195 3052 304 3118 dignu]
325 3053 434 3119 dignum
446 3049 498 3102 Dr.
513 3077 548 3090 -
563 3050 605 3104 M.
622 3048 729 3106 Victor.
747 3049 781 3102 tie
796 3058 848 3104 rat.
868 3057 949 3104 meir.
965 3048 994 3121 p.
1009 3051 1084 3107 1963.
1103 3055 1238 3122 „Liquen-

170 3132 209 3171 tea
223 3118 327 3170 litterae
342 3132 401 3169 eunt
415 3134 528 3187 quatuor
549 3117 627 3171 lmn
643 3137 664 3170 r.
684 3119 811 3186 liquentes
832 3138 890 3171 vera
918 3124 976 3172 ideo
1006 3126 1143 3186 dicuntur,
1170 3129 1240 3192 quod

164 3190 259 3260 fluant
271 3201 297 3238 et
311 3191 388 3257 quaai
401 3191 542 3254 intereant,
562 3201 617 3240 tum
631 3207 689 3239 cum
702 3203 893 3257 canaequuntur
909 3189 1027 3257 aliquam
1039 3191 1137 3241 breuem
1151 3195 1240 3263 tylla-

173 3260 234 3308 iiam
248 3278 304 3308 cum
319 3261 412 3326 qicauie
427 3258 484 3308 alia
498 3268 662 3309 consonante.
697 3260 764 3308 Sunt
777 3270 863 3309 autem
876 3259 991 3328 duplicia
1014 3264 1158 3327 potentiae.
1176 3281 1240 3312 nam

173 3327 282 3396 longam
294 3327 423 3397 syllabam
435 3328 566 3396 punitione
575 3327 671 3394 faeere
687 3338 812 3394 poacunt,
832 3331 856 3377 ei
870 3329 912 3377 ita
923 3341 1001 3395 poeta
1014 3327 1125 3379 uoluerit
1142 3343 1168 3380 et
1178 3335 1239 3381 bre-

173 3415 228 3447 uem
246 3416 295 3445 nou
312 3399 461 3464 producere.
486 3397 532 3446 Sic
555 3397 657 3448 Ennius
680 3420 716 3438 ι-
742 3397 819 3447 uita
844 3394 913 3447 itta
939 3400 1065 3467 dignun
1089 3397 1240 3467 locoque

174 3467 253 3535 quasi
266 3468 364 3515 dixerit
382 3484 397 3514 υ
407 3466 463 3514 ita
479 3463 526 3516 itt
535 3483 553 3513 a
570 3466 677 3533 dignu
695 3461 768 3515 loco
779 3484 817 3532 qu
828 3483 849 3517 e.
884 3467 935 3516 Sed
950 3465 1070 3517 licentiae
1084 3469 1192 3536 antiqui
1212 3480 1239 3518 et

176 3539 237 3601 ipra
254 3553 266 3583 n
281 3537 358 3602 qicaei
372 3550 419 3598 pro
431 3531 542 3601 liquenti
557 3534 695 3583 utebantur
705 3534 840 3583 inerudita
852 3536 940 3584 adiutae
953 3537 1085 3603 nouitate,
1105 3541 1176 3604 quad
1188 3557 1240 3606 po-

177 3605 299 3656 cteriarea
312 3615 405 3670 poetae
419 3621 468 3651 non
477 3600 603 3670 serunt.“
626 3601 740 3671 Quinct.
754 3602 810 3667 IX,
827 3605 859 3671 4,
877 3603 919 3658 37.
939 3607 1079 3669 „Ceterum
1092 3623 1241 3657 contonan-

175 3685 330 3741 tee'quoque
344 3673 643 3740 earumquepraccipue‚
663 3689 729 3739 quae
751 3683 811 3720 attat
832 3674 990 3740 asperima,
1016 3675 1044 3723 in
1067 3678 1239 3726 coniminum

175 3741 310 3792 verborum
326 3745 449 3788 rixantur
462 3751 487 3787 et
502 3759 514 3788 e
530 3739 626 3789 ultima
642 3758 733 3790 cumx
744 3743 876 3808 proxima,
895 3760 1004 3809 quarum
1019 3743 1123 3792 tristior
1146 3748 1238 3811 etium,
1277 3742 1280 3747 ’

175 3811 294 3860 aibinae
317 3807 491 3873 collidantur,
517 3811 616 3858 atridae
631 3820 686 3868 eet,
711 3819 741 3857 ut
761 3813 829 3860 Ara
852 3812 1060 3862 studiorum.
1089 3812 1163 3874 Quae
1174 3813 1241 3880 fuit

177 3895 262 3928 cauea
278 3886 306 3927 et
321 3879 424 3939 Servio,
442 3890 471 3924 ut
484 3879 557 3942 dixi,
576 3877 768 3933 eubtraiiendae
779 3898 792 3926 e
804 3877 917 3944 litterae,
936 3881 1035 3946 quotient
1055 3883 1150 3930 tiltima
1163 3896 1238 3947 ercet,

177 3946 286 4014 aliaque
310 3959 467 3996 consonante
490 3949 669 4014 aueciperetur.
689 3972 724 3987 -
744 3947 813 3998 Nam
833 3966 912 4015 neque
928 3951 1062 4000 Lucilium
1079 3963 1177 4015 putant
1197 3956 1241 4002 uti

179 4007 270 4067 autleni
283 4010 396 4079 ultima,
414 4033 470 4064 ciem
482 4017 549 4065 dicit
568 4013 810 4084 Serenuesuit
831 4026 857 4067 et
880 4017 1008 4083 dignun
1034 4015 1194 4086 locoque,
1214 4033 1239 4071 et

180 4079 272 4138 otene
286 4085 314 4134 in
331 4082 443 4135 Oratore
454 4081 541 4150 plures
557 4086 725 4153 antiquarum
740 4085 826 4134 tradit
846 4086 887 4135 eie
902 4084 1033 4138 locutae.“

244 4155 303 4209 162.
344 4169 397 4202 una
417 4153 596 4219 disputarem]
620 4172 675 4205 una
698 4151 839 4222 postulata
858 4155 1021 4222 disputarem
1044 4159 1106 4214 Vel.
1126 4187 1162 4200 —
1182 4179 1239 4211 una

172 4226 312 4292 dirputata
325 4223 488 4287 disputarem
503 4221 564 4276 Ald.
574 4224 605 4278 2.
1059 4242 1061 4253 ¹
