2692 5018
83 198 95 215 '
164 233 207 303 os
594 228 815 299 oneror

164 383 362 472 gravissimo
379 382 552 449 discedens
568 406 608 449 eo
626 383 1042 472 potissimumdelabitur.
1090 386 1241 455 clamore

163 502 277 555 tamen
296 500 369 553 tum
391 498 523 569 movet,
558 498 591 552 et
612 497 687 552 tum
706 486 743 553 in
763 486 902 553 dicendo
922 488 1134 577 plurimum
1154 488 1240 573 efficit,

101 591 154 647 112
168 613 247 656 cum
265 588 440 675 gravitatis
460 589 540 654 locis
556 588 674 655 utitur.
720 588 787 655 Sed
808 589 850 654 ab
873 592 936 656 hoo
950 613 1157 679 parumper
1169 590 1239 659 abet

164 714 240 757 mua
275 691 546 778 quandoquidem
575 693 616 758 de
644 713 767 777 genere
790 694 921 758 nonde
943 693 1103 760 homine
1125 682 1238 781 quaeti-

163 819 251 863 mus.
293 794 356 861 Rei
369 794 494 881 potius,
513 795 548 859 id
565 805 626 876 est,
648 794 860 879 eloquentiae
875 793 945 860 vim
962 808 999 862 et
1012 808 1189 862 naturam
1198 818 1237 863 er·

164 899 339 986 plicemus.
383 897 470 963 illud
485 909 617 976 tamen,
645 897 822 983 quodiam
845 909 923 963 anta
953 897 1122 963 diximus
1143 890 1251 963 metiri

164 1004 332 1084 norimus,
361 998 410 1065 nil
427 1022 489 1065 nos
505 999 734 1089 praecipiendi
748 1022 847 1066 causa
861 1024 931 1066 esse
952 999 1140 1077 dicturos,
1162 1012 1233 1086 atqu

168 1103 215 1168 ita
229 1102 338 1190 potius
360 1113 513 1183 acturos,
544 1113 585 1167 ut
607 1102 852 1169 existimatores
871 1102 1065 1169 videamur
1078 1101 1180 1187 loqui
1191 1124 1238 1185 m,

163 1205 324 1291 magistri.
352 1205 392 1270 In
409 1224 476 1286 quo
490 1215 603 1269 tamen
617 1204 751 1288 longius
764 1227 865 1293 saepo
881 1204 1150 1293 progredimur,
1172 1188 1239 1293 quoi]

166 1308 324 1373 videmus
340 1327 408 1369 non
425 1316 457 1369 te
473 1304 556 1371 haec
571 1307 682 1373 solum
695 1328 766 1372 esse
777 1307 965 1380 lecturum,
1006 1307 1078 1395 qui
1100 1330 1144 1373 ea
1155 1307 1213 1373 mii

164 1432 267 1497 quam
282 1432 363 1488 nos,
388 1406 447 1491 qui
468 1407 563 1493 quasi
585 1409 706 1474 dooere
726 1407 917 1489 videamur,
950 1407 1087 1475 habeas
1108 1411 1199 1476 notio

166 1512 227 1579 sosl
248 1512 338 1577 huno
361 1508 485 1575 librum
509 1510 611 1575 etiam
630 1511 659 1575 si
682 1510 796 1577 minus
816 1523 931 1579 nostra
952 1510 1191 1580 commcnde'

166 1625 227 1679 tuo
243 1624 360 1678 tamen
372 1611 509 1678 nomine
525 1612 695 1698 divulgari
711 1636 846 1679 neeesse
859 1625 920 1680 est.

101 1716 145 1777 82
254 1716 336 1781 Esse
349 1712 453 1798 igitur
465 1714 614 1802 perfecte
629 1716 817 1802 eloquentis
831 1727 933 1803 puto,
955 1736 1032 1781 nou
1047 1739 1136 1784 eam
1153 1718 1197 1785 eol

102 1821 155 1875 113
168 1816 367 1883 facultatem
388 1816 535 1899 habero,
564 1840 651 1903 quae
670 1818 712 1883 sit
735 1817 805 1883 eius
823 1815 982 1904 propria,
1014 1816 1102 1887 fuee
1127 1821 1206 1907 lsth

164 1919 317 1999 dicendi,
338 1916 512 1985 sedetiam
526 1919 672 1986 vicinam
690 1920 761 1986 eius
774 1930 873 2005 atque
886 1918 1083 1987 finitimam
1103 1922 1174 1990 dial
1211 1922 1217 1935 ’

164 2044 281 2087 corum
294 2018 466 2086 scientiam
476 2043 655 2088 assumere.
697 2022 905 2108 Quanquam
919 2022 1013 2087 aliud
1028 2022 1180 2092 videtur

163 2123 216 2188 tio
238 2143 308 2188 esse
330 2120 423 2187 aliud
444 2122 640 2215 disputatio,
690 2147 756 2191 neo
774 2120 972 2211 idemloqui
994 2125 1130 2212 [esse],
1169 2152 1189 2219 q

199 2461 226 2501 et
240 2469 259 2501 o
267 2450 448 2570 grsps’ssimo]
465 2460 495 2503 ut
505 2470 525 2503 o
534 2449 698 2523 potissimo
712 2448 782 2508 Ven.
795 2450 822 2506 1.
839 2460 915 2502 -et
929 2467 948 2502 o
958 2453 1145 2520 gravissimo
1154 2454 1217 2509 Μ’

165 2536 265 2573 -om.
278 2539 296 2570 a
334 2530 365 2572 tt.

198 2588 350 2657 discedens]
370 2591 525 2641 descendens
539 2587 603 2643 Seh.
615 2592 642 2645 2.

197 2671 255 2709 tum
269 2658 369 2725 movet]
396 2677 455 2710 cum
474 2678 509 2717 m.
522 2660 637 2723 'vem
661 2658 727 2711 Tul.
750 2669 886 2712 -tossen
903 2674 954 2709 non
975 2658 1063 2716 mori.
1083 2660 1121 2715 itt
1139 2680 1173 2734 ep

163 2729 198 2783 V.
210 2728 244 2779 L.
260 2726 303 2779 ed.
317 2727 438 2793 Hervog.

199 2815 277 2863 quum
285 2795 449 2863 grauitatis]
470 2814 528 2846 cum
540 2797 710 2867 gravissimis
722 2794 785 2849 Vct.

234 2866 292 2919 112.
329 2862 533 2933 meminerimus]
555 2883 778 2917 commemoremus
791 2868 853 2921 Vet.

197 2933 237 2984 nil
249 2931 313 3000 nos]
331 2928 403 2981 nihil
415 2950 466 2983 non
479 2935 539 2986 Vct.

198 3021 253 3052 esse
269 3000 399 3068 dicturos]
419 3019 474 3055 om.
487 3023 542 3053 esse
553 3002 622 3054 Vens
637 3005 664 3057 l·
681 3000 761 3055 Med.
775 2998 844 3055 Ern·
858 3001 909 3058 Or.

198 3069 408 3137 existimatores]
428 3074 623 3123 existimatores
638 3091 692 3122 esse
705 3073 757 3124 vit.
769 3070 843 3141 loqui
856 3068 912 3123 vit.
923 3097 957 3111 -·
970 3073 1206 3131 existimationes.

163 3158 216 3191 non
228 3141 382 3207 magisterio
396 3139 452 3194 Gu.
463 3136 488 3194 3.
506 3142 567 3195 Vet.
583 3170 617 3181 -—
631 3142 814 3191 aestimatores
829 3139 891 3195 Alo.
906 3142 933 3195 2.
951 3140 990 3195 cf.
1004 3140 1066 3206 inf,
1087 3163 1116 3201 c.
1132 3148 1174 3206 41,

197 3208 438 3279 longiussaepep‚]
465 3210 521 3263 Gu.
537 3209 563 3263 8.
580 3211 632 3262 Dr.
648 3214 706 3263 Vet.
722 3206 823 3266 Scae.
845 3209 896 3263 Or·
913 3239 948 3250 —
963 3226 1022 3265 om.
1050 3218 1175 3287 saepeC
1211 3212 1216 3223 ’

194 3274 394 3347 progredimur]
410 3281 607 3347 progrediemur
620 3279 668 3332 Cr.

196 3366 248 3399 non
269 3359 296 3398 te
317 3346 384 3396 hoec
401 3345 504 3415 solum]
529 3347 579 3399 hoe
600 3358 627 3399 te
647 3365 699 3398 non
714 3346 798 3401 solum
809 3346 879 3402 Vera.
894 3349 920 3403 1.
936 3347 1018 3402 Med.
1035 3378 1079 3394 -··
1096 3354 1150 3408 lece
1162 3366 1186 3407 te

162 3416 229 3467 itaer
245 3414 329 3467 solum
343 3414 412 3466 Ven.
423 3415 450 3469 2.
466 3415 531 3468 Tul.

196 3487 248 3604 pus]
259 3483 457 3620 qm]⁶]sdlim](]
476 3487 529 3605 spui1
540 3503 573 3606 ep
585 3487 677 3605 ἅῇἱιέι
690 3484 723 3605 {sn
736 3481 833 3604 {toph

216 3572 295 3604 oeos
351 3571 412 3602 oss
451 3568 495 3604 en.
532 3588 582 3603 ..
636 3569 680 3604 e.
721 3571 760 3606 u.

197 3622 434 3691 commendatione]
455 3637 512 3674 om.
526 3626 595 3674 Ven.
611 3624 635 3675 1.

195 3691 333 3759 divulgari
353 3709 455 3740 necesse
478 3688 533 3759 est]
559 3710 661 3741 necesse
677 3702 718 3741 est
736 3689 875 3762 divulgari
889 3690 924 3749 L.
936 3714 972 3733 ··
990 3694 1057 3753 sliu.
1079 3718 1186 3755 mem

160 3759 229 3813 Em.
245 3759 348 3829 suspic.
366 3760 399 3814 V.
413 3759 504 3812 Bremi
520 3759 556 3813 de
568 3760 636 3812 Fato
649 3777 677 3829 p.
691 3762 734 3816 80.

231 3847 298 3909 Cep.
316 3846 359 3901 32.
396 3845 454 3902 118.
495 3865 550 3901 esse
565 3848 650 3918 igitur
669 3845 787 3917 perfecte
805 3845 972 3917 eloquentis]
994 3868 1060 3903 rem
1086 3856 1176 3927 igiter
1188 3868 1222 3925 pr

162 3917 235 3984 sequi
249 3915 392 3982 eloquentis
405 3920 467 3970 Vet.

196 4003 247 4033 nort
261 4002 318 4033 eom
330 3983 427 4053 solum]
448 4005 499 4035 non
514 4003 571 4037 eom
584 3996 689 4039 tastum
703 3985 758 4037 Gu.
769 3984 794 4039 3.
812 3983 877 4039 Scit·
892 3987 918 4041 2.

196 4051 292 4120 atque]
310 4072 343 4103 oc
358 4052 413 4108 vit.
427 4055 510 4109 Mon.
525 4056 558 4111 L.

197 4120 359 4189 quanquam]
381 4140 530 4190 quanquam
547 4126 615 4175 enim
629 4120 707 4174 olisstl
720 4124 842 4174 visieotur
859 4143 914 4176 esse
929 4124 1021 4176 oratio
1043 4127 1084 4188 L,
1098 4160 1137 4175 ..-

196 4194 265 4243 idem
279 4190 350 4259 loqui
364 4191 442 4260 [esse]
459 4195 528 4261 quod
543 4194 643 4262 dicere]
664 4209 720 4248 om.
731 4212 786 4244 esse
799 4194 855 4246 Gu.
870 4192 897 4247 3.
915 4192 981 4253 Sch.
994 4192 1057 4254 Or.
