2692 5018
159 287 203 350 58
586 275 808 345 ORATOR
877 306 880 313 ·

161 429 333 501 ornandus
351 428 388 495 in
408 427 547 495 Manilia
568 428 641 516 lege
659 427 860 521 Pompeium
881 441 1084 521 temperata
1102 430 1247 502 cronon

162 533 305 600 ornandi
327 532 460 618 copiam
484 533 651 618 porsecuti
669 556 795 601 sumus.
846 534 902 601 Ius
921 558 1028 602 omne
1049 535 1246 603 retinendas

161 636 341 703 maiestatis
358 633 486 700 Rabirii
509 642 608 701 causa
629 637 881 703 continebatur:
910 660 993 725 ergo
1015 640 1055 705 in
1075 638 1184 705 omni
1201 660 1245 726 gs·

100 744 247 804 108ncro
268 736 537 824 amplificationis
559 738 754 811 exarsimus.
799 741 844 808 At
863 738 945 805 baec
967 740 1160 807 interdum
1176 753 1244 808 ten·

161 840 310 930 peranda
326 850 359 904 et
379 839 541 907 varianda
562 852 652 906 sunt.
697 844 800 930 Quod
824 842 928 928 igitur
948 842 987 907 in
1015 844 1243 910 Accusationis

161 952 288 1029 septem
307 942 398 1009 libris
412 965 482 1007 non
497 942 667 1031 reperitur
685 943 815 1030 genus?
837 945 928 1032 quod
950 944 989 1009 in
1010 944 1143 1014 Aviti?
1172 944 1242 1033 quoi

161 1044 379 1111 inCorneliii
400 1046 493 1133 quod
505 1045 541 1113 in
555 1045 711 1135 plurimis
725 1048 850 1115 nostris
863 1045 1159 1121 defensionibusi
1179 1068 1242 1136 quas

161 1222 368 1244 —

195 1341 329 1391 mannus
367 1340 541 1395 omasusDr.

197 1408 320 1461 Manilia
348 1411 413 1478 ege]
432 1410 489 1479 Iege
503 1406 626 1461 Manilia
638 1408 707 1465 Ven.
721 1411 745 1465 1.

197 1481 311 1529 ornandi
328 1481 449 1546 copiam]
469 1481 576 1530 dicentii
587 1480 690 1546 copiam
707 1481 791 1535 Mon.

197 1548 324 1613 Rabirii]
341 1549 426 1599 rabiri
441 1549 495 1601 Vit.

197 1618 400 1680 continebatur]
419 1617 568 1667 continebat
583 1615 663 1668 Med.
677 1615 742 1669 Tul.

195 1685 596 1823 mittissimis
609 1684 1238 1811 tratres?tt‘ittttztt‘ts

196 1775 393 1876 Aecutbrionii
402 1837 505 1893 'septem
523 1795 617 1892 titiis]
650 1824 800 1877 Orationes
815 1776 880 1891 esi:
904 1778 1126 1907 qu'itur'bsusa
1140 1825 1238 1878 Verrius

162 1894 376 1958 continebatur,
403 1909 543 1945 unacum
563 1892 743 1945 Divinatione
763 1894 794 1945 in
816 1893 971 1947 Caecilium
990 1895 1069 1965 (qui
1090 1902 1139 1947 cst
1160 1908 1238 1947 uuas

162 1964 296 2019 Verrinue
313 1964 460 2032 prologus)
476 1961 610 2015 inunum
628 1962 761 2015 volumen
772 1962 903 2015 redactae
920 1973 1009 2018 erant.
1051 1966 1136 2017 Sunt
1150 1974 1237 2034 septen

156 2043 247 2104 stque
265 2033 316 2083 suh
338 2031 531 2084 Accusationis
550 2030 665 2082 nomine
680 2041 746 2083 strnt
767 2032 866 2083 editas.
885 2032 1050 2103 cf.§.103.
1070 2033 1126 2087 ubi
1146 2034 1236 2095 Cissis

162 2120 227 2156 oum
245 2102 279 2152 de
292 2101 391 2152 eudem
403 2117 452 2165 rs,
477 2100 511 2151 de
529 2116 585 2169 qua
602 2098 665 2160 hio,
692 2100 846 2169 eodemque
862 2102 947 2154 modo
964 2103 1052 2170 dicit,
1079 2102 1236 2172 simpliciter

162 2169 379 2224 Accusationem
396 2187 475 2221 susm
489 2169 594 2221 laudat.
631 2169 711 2237 Apud
727 2170 927 2239 grammaticos
943 2181 974 2225 ut
991 2173 1136 2226 Nonium
1152 2181 1182 2224 et
1192 2172 1235 2223 Pri·

160 2241 289 2294 scianum
308 2239 402 2291 simile
420 2238 526 2291 hubent
542 2254 647 2290 nomen
662 2240 840 2290 Verrinarum
855 2241 1009 2293 actionum.
1048 2244 1163 2311 Neque
1175 2240 1236 2295 stisr

161 2310 248 2363 iidem
270 2308 318 2360 bns
339 2307 484 2360 orationes
509 2308 625 2360 laudare
646 2308 738 2359 solent
760 2308 815 2360 nisi
839 2311 893 2376 ita,
928 2319 960 2363 ut
980 2311 1035 2362 sub
1062 2312 1234 2364 Verrinam·

161 2380 238 2432 libro
252 2378 344 2449 primo
362 2377 573 2430 Divinationern
594 2377 624 2429 in
640 2377 721 2430 Caec.
741 2377 911 2448 intelligant.
931 2397 956 2435 v.
968 2379 1094 2435 Pricat.
1113 2380 1233 2435 xviiii

160 2450 195 2503 T.
207 2451 234 2506 2.
252 2466 280 2518 p.
296 2447 337 2501 85.
358 2446 400 2505 ed.
416 2449 483 2499 Iis-r
513 2447 613 2500 Cicero
632 2446 661 2497 in
678 2447 859 2499 Verrinarum
878 2449 971 2517 primo
989 2446 1010 2501 i.
1027 2465 1053 2501 e.
1067 2449 1233 2505 nivinstt

162 2517 310 2578 coenibii.
324 2517 365 2571 13.
373 2516 440 2570 ibid.
452 2534 480 2586 p.
490 2514 547 2572 144.
565 2535 591 2569 v.
605 2516 716 2569 Nonius
728 2533 754 2568 v.
768 2516 919 2571 reticulum:
944 2516 1059 2571 Tullius
1078 2517 1118 2572 in
1143 2517 1232 2573 Vertit

161 2588 274 2641 actione
286 2588 347 2641 vtt.
357 2607 399 2634 :³
410 2590 469 2639 Act.
485 2587 521 2645 11,
534 2588 560 2650 5,
575 2588 616 2641 11.
634 2585 731 2637 Prisci.
742 2586 760 2637 i.
771 2587 819 2651 vt,
832 2603 857 2639 c.
871 2587 1026 2656 intrasse.
1046 2588 1153 2643 Cicer.
1164 2589 1195 2642 in
1205 2587 1233 2641 11,

160 2656 401 2710 vernantes.
424 2656 462 2708 11.
483 2662 554 2709 orat.
570 2655 609 2708 11.
635 2652 713 2717 c.54.
739 2654 825 2707 Prisc.
845 2656 909 2713 vit.
934 2657 1019 2711 avt.
1047 2674 1077 2727 p.
1094 2658 1170 2714 807:
1194 2656 1234 2713 bit.

160 2727 191 2780 iu
211 2725 296 2778 tortio
318 2724 428 2775 Verrin.
449 2722 648 2785 (tct,11.t.1.
668 2723 743 2792 αδ.)
764 2724 831 2776 ibid.
851 2722 951 2793 pstt.
977 2725 1038 2779 Cic.
1054 2726 1091 2779 in
1105 2734 1193 2783 verr·
1205 2728 1233 2780 lt.

161 2796 191 2865 (i,
208 2812 231 2847 e.
246 2798 306 2848 Act.
321 2796 348 2848 2.
368 2793 418 2845 Or.
437 2796 465 2857 2,
481 2793 533 2859 13.)
553 2791 592 2846 ib.
612 2809 639 2860 p.
653 2790 714 2854 865.
743 2793 850 2848 Verrin.
865 2795 916 2846 111.
932 2795 962 2859 (i.
977 2809 1000 2846 s.
1020 2797 1088 2853 Act.
1108 2798 1152 2850 11.
1167 2797 1233 2851 ost

161 2882 187 2916 c.
204 2866 242 2931 6.)
265 2862 303 2917 cf.
323 2870 428 2913 ceteros
447 2861 528 2913 locos
541 2878 585 2929 ap.
598 2861 734 2914 eundem:
751 2863 834 2916 Torn.
851 2864 875 2916 Ι.
894 2880 922 2933 p.
938 2862 1000 2926 stt.
1022 2862 1091 2933 409,
1113 2866 1233 2933 465,OE

160 2932 222 2989 482.
246 2962 282 2973 -
304 2931 435 2983 Videmus
457 2946 523 3011 ergo
543 2928 620 2983 hunc
644 2933 838 2985 Accusationis
861 2932 951 2985 libros
971 2942 1087 3001 septem
1115 2932 1235 2990 haunt

161 3016 270 3055 morem
289 3000 434 3067 vulgarem
458 2998 544 3050 fuisse
566 2999 641 3070 sputi
660 2999 808 3067 antiquos:
837 3017 923 3070 quare
943 3000 1087 3057 dissentio
1113 3023 1134 3058 a
1153 3004 1235 3061 tut

161 3079 290 3124 mutante
310 3068 440 3120 codicum
454 3067 520 3120 lect.
536 3068 564 3118 in
582 3071 692 3139 quinque
708 3069 792 3137 libris,
802 3071 898 3149 (qurum
908 3082 1084 3141 receperunt
1095 3074 1175 3133 Era.
1189 3072 1235 3129 Set

162 3140 226 3203 Or.)
237 3139 315 3208 quasi
329 3137 473 3190 Divinatio
491 3137 520 3187 in
540 3137 693 3189 Caecilium
707 3148 736 3191 et
751 3141 829 3192 Actio
840 3142 933 3208 prima
947 3139 979 3192 in
997 3141 1133 3199 Verrem
1147 3139 1236 3199 nonai

161 3208 280 3264 snudsm
292 3208 506 3260 Accusationem
525 3207 709 3274 pertinerent.
746 3209 915 3278 Quanquam
936 3218 1032 3263 sutem
1047 3210 1152 3279 haec,
1170 3228 1236 3287 qun

162 3278 237 3346 dixi,
265 3277 431 3330 numerandi
450 3277 524 3328 ratio
548 3276 713 3346 piarumque
732 3279 762 3328 in
784 3295 835 3331 usu
856 3286 933 3345 srat,
957 3278 1045 3332 multi
1061 3290 1174 3339 tamon
1188 3290 1236 3337 sust

161 3347 219 3401 loci
231 3358 396 3410 auctorum,
415 3346 463 3398 ubi
478 3345 534 3398 alio
549 3346 633 3398 modo
644 3346 776 3398 verrinas
786 3345 939 3400 laudantur
954 3348 1130 3416 orationes,
1150 3365 1236 3421 usust

160 3417 210 3481 itu,
226 3425 259 3470 ut
271 3415 414 3469 Divinatio
430 3414 580 3483 separatim
593 3424 620 3466 et
632 3415 711 3467 Actio
728 3416 819 3481 prima
833 3416 1000 3469 strictionis
1016 3422 1174 3477 secundae
1186 3418 1236 3475 lnn‘

159 3489 284 3558 quinque
296 3494 427 3539 accurate
439 3484 643 3553 significentur.
680 3484 797 3554 Aequis
815 3503 870 3537 uno
887 3485 948 3537 solo
962 3486 1037 3540 libro
1051 3490 1148 3545 Actio
1199 3492 1205 3505 '

159 3557 336 3621 continetur,
355 3554 434 3606 Actio
450 3555 572 3606 secunda
585 3561 680 3606 autern
693 3555 816 3622 qssinque
827 3554 924 3620 libris,
942 3555 1149 3627 negligentius
1163 3570 1237 3615 rutsr·

158 3624 228 3679 rium
249 3624 302 3680 bac
319 3624 350 3675 in
370 3639 401 3674 re
421 3631 570 3674 vorsentur
585 3623 753 3692 scriptores,
778 3623 858 3675 libris
873 3624 959 3691 sciis,
977 3628 1132 3694 secundo,
1157 3629 1236 3695 tertis,

160 3702 277 3765 quarto,
296 3692 340 3745 vel
361 3692 460 3762 quinto
480 3691 619 3756 laudatis,
639 3708 695 3743 non
711 3692 807 3744 addito
825 3692 910 3746 simul
921 3693 1039 3748 nonnius
1053 3698 1237 3755 senonicus

160 3762 279 3816 eundae.
314 3760 360 3814 Sic
381 3762 479 3814 Cicero
498 3761 574 3815 infru
593 3762 672 3816 &62
694 3781 741 3812 nos
761 3766 788 3813 irs
800 3765 990 3815 Accusationis
1008 3772 1137 3821 temnas
1160 3766 1237 3825 insslt

159 3831 189 3883 in
203 3830 398 3887 Accusationis
412 3830 540 3884 Actionis
560 3831 699 3884 secundas
718 3831 792 3883 libro
810 3831 943 3885 secrmdo.
964 3832 1180 3905 'negligentius
1190 3837 1238 3911 qni·

160 3900 239 3968 dem,
266 3899 313 3953 sed
328 3899 367 3950 ita
386 3908 417 3951 ut
429 3917 523 3952 errare
544 3915 627 3952 uerno
645 3909 755 3969 posset,
781 3900 944 3969 praesertim
963 3918 1031 3955 cum
1052 3906 1197 3965 additum
1212 3906 1239 3960 sit

160 3972 193 4023 ds
205 3968 317 4020 Siciliae
329 3968 424 4031 laute,
449 3988 505 4039 qua
527 3969 560 4021 de
573 3986 603 4021 re
615 3986 672 4021 non
687 3968 717 4020 in
735 3969 790 4021 alia
805 3969 999 4023 Accusationis
1016 3976 1163 4033 oratione
1174 3978 1238 4033 dixit

195 4037 289 4106 Auiti]
314 4039 382 4088 obiri
394 4038 449 4092 Vit.
467 4066 500 4077 -
514 4040 612 4091 Habiti
625 4039 706 4091 Mon.
720 4040 789 4091 Vsu.
802 4041 827 4099 1.
842 4042 868 4094 2.
886 4039 965 4097 Mad.
978 4040 1047 4097 Tot.
1062 4045 1160 4104 Aldu.
1172 4050 1239 4103 Man.

159 4106 234 4161 Vict.
254 4108 300 4158 Cr.
316 4107 349 4159 L.
367 4123 438 4174 quae
455 4107 593 4188 scriptura
615 4116 777 4161 constanter
795 4123 839 4177 ap.
855 4108 973 4180 Quinct.
990 4110 1084 4169 rslst.
1110 4134 1141 4173 r.
1155 4114 1239 4191 δρῶ

160 4176 196 4231 nd
210 4177 230 4231 1.
245 4177 294 4242 1V,
309 4177 390 4241 216.
410 4176 446 4228 ci.
459 4176 511 4231 ini.
528 4177 553 4251 β.
564 4177 624 4234 108.
1028 4200 1031 4205 ·

196 4249 224 4298 irs
236 4244 373 4316 plurimis]
393 4247 421 4296 irs
436 4245 558 4314 pluribus
575 4247 630 4299 Vit.
643 4247 711 4299 Vnst.
728 4247 752 4300 1.
767 4247 793 4301 2·
811 4246 891 4301 Med.
