2692 5018
354 242 423 308 su
460 238 690 335 Miscuit
721 237 957 308 BRUTUM.
1175 249 1196 311 r

116 399 186 468 Nec
214 418 296 466 vero
319 393 376 461 ille
405 394 544 474 artifex,
582 415 661 459 cum
691 392 817 460 faceret
843 393 931 462 Iovis
958 389 1108 472 formem
1135 403 1235 477 auti
1337 458 1339 463 .

115 500 309 579 Minervae,
342 495 630 578 contemplabatur
659 483 825 584 aliquem,
846 519 881 572 ¹e
905 517 972 581 quo
997 484 1195 562 similitudi-

115 623 196 671 nem
220 601 373 676 duceret,
395 599 452 664 sed
469 597 574 684 ipsius
593 596 630 662 in
650 610 766 664 mente
784 589 948 665 insidebat
969 597 1092 685 species
1114 600 1194 690 pul.

115 701 317 769 chritudinis
344 699 468 771 eximia
496 696 681 783 quaedam,
724 721 827 784 quam
854 689 991 766 intuens
1018 698 1057 767 in
1085 722 1193 786 eaque

115 805 248 870 defixus
268 803 309 867 ad
334 800 424 866 illius
443 799 700 877 similitudinem
725 813 832 867 artem
854 815 887 868 et
907 823 1052 881 manum·
1067 801 1193 888 dirige-

114 907 183 972 bat.
226 904 274 968 Ut
292 900 395 988 igitur
420 906 456 966 in
480 901 600 968 formis
621 912 656 966 et
674 901 711 967 in
726 902 844 990 figuris
864 914 914 969 est
935 903 1061 990 aliquid
1078 903 1187 992 perfe-
1212 907 1233 969 3

115 1020 212 1083 ctum
234 1017 268 1070 et
288 1005 468 1085 excellens,
492 1004 585 1070 cuius
608 1005 650 1068 ad
674 1004 852 1092 cogitatam
868 1004 1012 1097 speciem
1030 996 1192 1079 imiteudo

114 1109 314 1176 referuntur
340 1131 408 1198 ea,
433 1129 518 1195 quae
545 1105 608 1175 sub
627 1109 743 1177 oculos
769 1097 843 1197 ipse
865 1131 937 1177 nou
968 1109 1124 1199 ,cadunii
1143 1109 1191 1179 sic

180 1428 208 1480 9.
243 1417 301 1470 Nec
317 1419 389 1487 cero]
413 1435 468 1472 om.
483 1435 542 1471 vero
555 1419 637 1477 Mon.

147 1487 361 1556 uutMinervae]
380 1489 490 1541 utKob.
827 1506 830 1511 ·
865 1493 867 1497 ’
1020 1512 1024 1517 ·

147 1559 193 1608 sed
210 1559 295 1654 ipqius
321 1561 349 1608 irs
364 1557 423 1625 m.].
437 1578 451 1609 e
466 1577 516 1628 quo
528 1557 731 1610 similitudinem
749 1557 833 1629 ipsius
854 1559 975 1629 duceret,
991 1557 1038 1613 sed
1050 1556 1081 1614 itt
1099 1570 1191 1614 mente.

112 1625 270 1763 Gldliiiliiusz]
298 1693 398 1761 difixus
415 1693 472 1747 Vit.
496 1697 524 1746 iri
545 1715 653 1764 eamque
672 1694 776 1765 dry‘ixate
796 1712 854 1767 mg.
873 1698 949 1759 1578.
1142 1664 1145 1669 Ι

183 1799 251 1865 Cap.
271 1797 295 1852 3.
331 1809 357 1847 et
374 1800 402 1848 in
416 1797 536 1866 figuris]
567 1802 635 1855 Veri.
653 1801 679 1853 2·
698 1799 776 1853 Tul:
805 1800 901 1852 Ceteri
922 1816 979 1852 om.
1001 1799 1029 1850 in
1044 1796 1089 1855 Cf.
1103 1799 1191 1854 Mart.

110 1868 230 1935 Laguna
245 1866 281 1917 ad
299 1866 357 1919 Cic.
371 1868 422 1935 Ep.
441 1870 472 1920 L.
487 1869 655 1933 1.1.-,‚ai
673 1871 747 1934 ipso
771 1887 862 1938 rege,
883 1881 917 1920 et
934 1871 976 1919 ab
995 1872 1133 1921 intimis
1149 1886 1192 1919 uc

111 1941 153 1998 do
162 1937 320 1986 mesticis
338 1940 503 2005 Pompeii.
516 1941 602 1986 -Ita
621 1949 689 1989 recte
708 1937 780 1992 libri.
821 1940 892 1990 illam
903 1939 1001 2005 positis
1015 1939 1113 1988 duobus
1132 1937 1192 1987 sub·

103 2007 187 2073 jectis
209 2005 285 2054 unius
302 2007 466 2073 eiusdemque
486 2005 622 2073 regiminis
641 2005 852 2075 nuncquarrrsere
873 2006 967 2070 semel,
996 2006 1051 2056 n'isi
1065 2006 1111 2056 uti
1128 2005 1192 2057 libri

111 2075 230 2142 corrupti
249 2084 327 2138 sunt,
344 2093 443 2140 *semper
459 2075 498 2123 bie
512 2078 596 2125 utitur
605 2077 846 2142 praepositionibus
864 2095 906 2139 a,
926 2077 966 2125 ab
974 2113 983 2142 ,
1007 2094 1060 2141 ex,
1083 2093 1112 2138 e,
1138 2077 1190 2140 is,

110 2146 164 2210 de,
184 2145 244 2207 ad,
261 2161 337 2208 pro,
356 2144 408 2209 ob,
432 2145 501 2210 quod
522 2145 664 2193 innumeris
681 2147 709 2192 in
723 2143 806 2208 locis,
835 2145 967 2195 adhibitis
988 2143 1064 2194 libris
1083 2143 1191 2210 optimis

110 2232 143 2263 oc
155 2213 348 2278 praestantiae,
366 2223 528 2279 perspectum
545 2215 572 2261 in
585 2224 639 2261 toto
656 2213 707 2263 Cic.
727 2213 801 2262 nobis
818 2225 864 2265 est.
876 2215 909 2273 V,
920 2215 945 2266 2.
966 2214 1112 2267 inin—ut
1130 2227 1190 2272 ego

109 2283 226 2331 urbem
244 2297 262 2327 a
280 2281 483 2329 domesticis
503 2282 656 2330 insidiis
675 2291 708 2330 et
726 2282 766 2332 ab
785 2284 960 2333 intestino
978 2280 1125 2345 scelere,
1150 2290 1191 2330 tu

111 2347 266 2398 Italiam
298 2349 511 2397 obarmatis
537 2347 699 2399 hostibus
724 2360 757 2396 et
780 2349 820 2397 ab
846 2348 990 2400 occulta
1015 2348 1191 2403 coniura-

115 2420 212 2467 tione
230 2412 445 2482 defenderes.
460 2444 495 2454 -
514 2415 560 2467 Sic
575 2415 826 2482 enlm‘scrib.VII,
842 2419 883 2471 26.
904 2425 1010 2478 extrsa'
1026 2419 1106 2467 bera
1122 2427 1155 2466 et
1172 2433 1191 2465 a

111 2485 239 2550 receive,
266 2485 312 2534 ubi
330 2487 380 2537 duo
408 2483 472 2534 libri
495 2500 512 2534 a
538 2487 676 2552 utrobique
703 2487 797 2538 vitium
820 2488 897 2554 possi
912 2489 996 2551 priori
1012 2497 1116 2536 tantum
1133 2484 1190 2535 loco

109 2554 243 2606 exhibent.
278 2553 373 2604 Atiam
387 2555 663 2621 rationemsequitur',
691 2573 749 2604 cum
765 2556 1003 2622 duaiuivociiui,
1029 2553 1115 2605 altera
1127 2571 1190 2621 pro-

106 2626 187 2692 pria,
212 2621 299 2672 ultera
313 2619 461 2688 figurata,
495 2624 600 2671 nonnisi
625 2636 704 2672 unum
728 2624 871 2677 subiectum
894 2626 1059 2691 exprimitur.
1089 2622 1121 2671 V.
1146 2623 1190 2676 16.

110 2691 160 2757 (al.
181 2692 234 2756 15.)
254 2690 437 2742 secludere
454 2709 503 2742 ms
520 2710 537 2741 a
562 2702 664 2756 portu
681 2703 713 2742 et
728 2687 900 2760 perfugio
918 2691 1116 2744 videntur.“
1149 2688 1188 2746 cf.

107 2761 145 2813 ad
181 2761 249 2814 Ast.
714 2775 720 2783 ’
1073 2774 1076 2781 ’

144 2762 312 2897 signatam]
327 2827 382 2882 Vit.
391 2828 444 2880 Dr.
459 2827 563 2897 aliique
576 2820 718 2897 codd.·'ap.
736 2825 835 2881 Leimb.
853 2845 887 2880 ac
901 2828 1071 2880 recentiores
1082 2842 1189 2882 omues.

108 2927 144 2938 —
161 2900 342 2967 excogitatam
353 2899 424 2957 Ven,
441 2901 465 2953 l.
483 2900 509 2951 2.
530 2898 607 2952 Med.
624 2900 687 2956 Asc.
705 2898 770 2951 Tul.
787 2896 869 2953 Aldd.
888 2899 965 2952 Crat.
981 2899 1062 2953 Man.

144 2985 177 3016 ea
195 2971 282 3035 quoe]
314 2983 371 3020 om·
392 2985 425 3016 ea
443 2966 497 3020 Gu.
514 2969 541 3022 Ξ.

143 3036 205 3101 ipsa
221 3053 272 3083 non
291 3035 408 3103 cedunt]
441 3035 561 3103 Egregie
580 3035 723 3090 revocavit
742 3035 888 3107 antiquam
908 3033 983 3088 hanc
1003 3035 1068 3089 lect.
1089 3030 1189 3089 Orelli.
1227 3040 1231 3047 '

107 3105 161 3155 Est
173 3102 205 3154 in
218 3102 274 3155 Vit.
288 3104 338 3154 Dr.
356 3105 411 3156 Gu.
423 3103 449 3157 d.
467 3106 550 3158 Mon.
569 3106 638 3160 Ven.
659 3109 683 3160 1.
701 3108 728 3161 2.
746 3106 824 3158 Med.
842 3107 905 3158 Asc.
923 3104 988 3159 Tul.
1002 3101 1085 3155 Aldd.
1099 3103 1188 3157 Iuntt.

106 3174 188 3224 Man.
212 3200 248 3208 -
273 3173 334 3237 ipra
359 3175 457 3222 cadunt
473 3175 580 3227 Victor.
598 3174 629 3226 in
646 3177 710 3230 Ver.
729 3175 807 3229 Lect.
824 3174 874 3238 XI,
895 3173 936 3228 14.
955 3173 1052 3225 Lamb.
1068 3179 1187 3224 recenti.

108 3258 217 3295 omnes.
235 3242 280 3292 Fr.
297 3239 415 3295 Robort.
434 3240 519 3294 Thes.
538 3243 609 3296 Crit.
628 3245 658 3297 P.
667 3247 693 3298 2.
711 3258 774 3313 pag.
783 3245 825 3299 21.
849 3242 879 3302 in
899 3245 980 3309 Grut.
990 3243 1089 3309 Lamp.
1107 3241 1142 3294 T.
1159 3242 1185 3303 2.

106 3339 142 3351 -
160 3311 260 3362 Cicero
280 3325 345 3360 cum
361 3309 392 3361 id
409 3309 484 3378 quod
499 3310 729 3380 supradixerat,
748 3313 780 3364 in
801 3328 911 3364 summo
927 3319 1038 3364 oratore
1049 3308 1185 3376 fingendo

105 3380 192 3431 talem
215 3395 246 3430 se
266 3377 485 3431 informaturum
501 3396 559 3431 esse
575 3381 665 3449 qualis
679 3381 801 3433 fortasse
818 3397 902 3434 nemo
924 3378 1027 3444 fuerit,
1053 3394 1186 3432 excusare

105 3449 191 3513 velit,
209 3447 250 3499 ite
264 3447 322 3513 egit
335 3457 367 3499 ut
381 3448 569 3513 demonstret,
587 3449 662 3501 idem
682 3451 782 3502 cadere
800 3449 907 3502 dictum
927 3448 958 3500 in
979 3457 1085 3500 ceteras
1103 3455 1186 3503 artes.

105 3527 139 3570 ut
156 3519 232 3569 enirn
247 3517 436 3584 pulcherrima
457 3516 573 3569 Phidiae
594 3528 686 3577 statua
701 3520 791 3571 multo
807 3527 848 3571 est
867 3516 987 3571 inferior
1004 3531 1088 3584 quam
1109 3515 1186 3568 illius

105 3585 325 3655 pulchritudinis
344 3586 465 3653 species,
479 3603 572 3668 ,quam
591 3587 621 3638 in
641 3605 735 3640 mense
748 3589 846 3640 habuit
867 3586 981 3653 artifex,
1000 3587 1042 3638 sic
1062 3584 1188 3637 oratorie

106 3654 227 3707 artificia
245 3671 303 3705 non
319 3654 467 3707 imitantur
489 3657 642 3724 imaginem
656 3658 714 3710 eius
734 3657 927 3726 eloquentiae,
953 3659 1024 3725 quae
1036 3653 1141 3706 insidet
1155 3653 1186 3705 in

107 3724 203 3776 animo
218 3723 443 3792 eloquentissimi
461 3724 595 3778 hominis.
636 3727 670 3778 In
689 3726 841 3779 iudicunde
858 3727 970 3795 pictura
990 3739 1202 3788 comparamus-

110 3808 217 3859 semper
232 3792 469 3859 pulchritudinem
489 3793 563 3844 hene
577 3812 648 3862 quae
668 3793 699 3846 in
715 3794 815 3864 figuris
835 3801 1034 3865 apperet‘cum'
1051 3791 1102 3844 illa
1122 3807 1186 3859 spe-

110 3859 152 3910 cie
165 3861 384 3929 pulchritudinis
407 3863 524 3932 quaein
544 3865 626 3916 nobis
645 3863 743 3916 innata
770 3871 831 3928 est,
861 3864 1042 3931 videmusque
1062 3859 1195 3912 multum·

108 3929 211 3981 distare
227 3929 300 3982 banc
314 3932 348 3983 ab
361 3931 420 3986 illa.
444 3932 502 3983 'Sic
517 3932 660 4001 perlectae
674 3932 851 4002 eloquentiae
863 3931 986 4001 speciem
998 3931 1096 3987 animo
1108 3945 1186 3980 corn·

107 3997 274 4067 prehensam
290 3999 395 4065 babeo,
427 4009 570 4054 oratorem
593 4012 688 4057 autem
706 4000 817 4054 nullum
831 4002 927 4054 ‘adhuc
951 4001 1072 4067 cognovi
1086 3998 1184 4067 'perfe-

107 4076 195 4122 ctum.
217 4096 251 4107 -
275 4068 304 4120 si
327 4079 421 4123 autem
445 4070 572 4123 omiseris
594 4091 664 4139 non,
687 4089 747 4124 non
766 4069 862 4132 video,
886 4070 1026 4143 quomodo
1046 4067 1115 4119 baec
1128 4067 1184 4119 duo

105 4137 233 4189 membra
252 4139 380 4206 utigitur
398 4147 453 4192 etc.
478 4148 505 4190 et
529 4143 568 4191 sie
592 4142 730 4212 perfeem
746 4135 802 4197 etc.
829 4140 882 4193 sibi
905 4137 1107 4216 respondeant,
1133 4151 1184 4188 nec

107 4206 173 4275 quid
192 4206 290 4259 vocab.
309 4209 368 4275 ipsa
385 4207 438 4261 sibi
456 4207 531 4281 velit.
674 4216 677 4223 '
