2692 5018
206 270 227 346 s
354 234 358 246 '
637 255 881 334 ousrou'

208 422 379 514 perfectae
398 419 608 508 eloquentiae
627 419 772 510 speciem
798 418 911 485 animo
936 415 1102 497 videmus,
1140 414 1298 502 effigiem

152 537 185 593 10
205 527 342 596 auribus
363 524 566 613 quaerimus.
616 522 685 588 Has
710 542 828 589 rerum
858 519 985 587 formas
1017 518 1164 608 appellat
1202 517 1297 598 ἰδέας

208 630 264 696 ille
288 650 358 693 nou
378 625 588 714 intelligendi
610 627 737 706 solum,
765 625 823 691 sed
848 624 949 691 ctiam
970 620 1102 689 dicendi
1124 620 1298 706 gravissi·

209 753 284 799 mus
306 738 425 795 auctor
447 733 481 794 et
501 727 673 815 magister,
701 724 811 801 Plato:
849 746 970 812 easque
990 724 1081 810 gigni
1101 733 1226 810 negat,
1263 732 1298 789 et

209 832 256 900 sit
283 854 419 920 semper
447 851 519 896 csse
556 853 595 895 sc
623 829 755 894 ratione
785 841 819 894 et
849 825 1069 914 intelligentia
1103 823 1297 892 contineris

209 946 322 1003 cetera
347 932 454 1017 nasci,
490 931 664 1008 occidere,
697 931 822 1010 fluere,
857 929 939 1010 labi,
968 952 1031 995 nec
1063 928 1191 996 diutius
1221 949 1299 994 esse

211 1061 279 1125 uno
300 1046 336 1103 et
354 1037 473 1102 eodem
490 1046 589 1101 statu.
649 1032 822 1122 Quidquid
843 1043 895 1098 est
913 1030 1034 1118 igitur,
1073 1031 1116 1097 de
1138 1052 1213 1118 quo
1235 1047 1327 1097 ra-·

180 1165 186 1181 ¹
209 1123 302 1204 lione'
323 1148 357 1204 et
380 1137 437 1204 via
459 1135 668 1224 disputetur,
705 1134 812 1200 idest
837 1133 879 1202 ad
899 1133 1056 1200 ultimam
1076 1133 1129 1200 sui
1154 1133 1298 1222 generis

209 1237 355 1307 formam
375 1236 588 1324 speciemque
607 1237 834 1323 redigendum.

153 1341 184 1396 11
296 1342 347 1410 so
372 1340 489 1417 video,
525 1343 611 1405 hane
632 1340 779 1428 primam
806 1338 1047 1426 ingressionem
1074 1359 1191 1406 meam
1224 1360 1299 1406 non

210 1462 253 1508 ex
275 1440 426 1508 oratoriis
453 1440 732 1529 disputationibus
763 1441 899 1506 ductam
942 1441 1000 1506 sed
1030 1441 1187 1508 emedia
1212 1443 1300 1532 phi-

208 1543 325 1632 lophia
346 1543 545 1630 repetitam,
580 1556 614 1608 et
635 1566 710 1610 eam
738 1543 874 1631 quidem
903 1565 982 1608 cum
1009 1543 1187 1629 antiquam
1220 1555 1299 1610 tum

207 1645 448 1712 subobscuram
477 1658 536 1711 aut
557 1646 825 1734 reprehensionis
858 1643 983 1730 aliquid
1011 1654 1077 1722 aut,
1102 1656 1201 1709 certe
1230 1646 1298 1713 ed-

209 1743 398 1811 mirationis
423 1746 626 1815 habituram.
669 1747 755 1817 Nam
778 1759 834 1813 aut
853 1745 1086 1820 mirabuntur,
1108 1746 1194 1830 quid
1212 1747 1299 1814 lracc

207 1846 400 1934 pertineant
425 1848 466 1915 ad
499 1872 554 1931 ea,
592 1871 680 1937 quae
704 1848 917 1936 quaerimus,
961 1847 1085 1936 quibus
1109 1848 1299 1916 satisfaciet

208 1952 263 2014 'res
282 1947 356 2036 ipsa
378 1951 525 2036 cognita,
555 1964 682 2017 utnon
705 1951 777 2016 sine
798 1972 897 2015 causa
917 1949 984 2013 alte
1006 1946 1147 2035 repetita
1173 1950 1300 2017 videe-

206 2060 281 2129 tur3
303 2062 364 2116 aut
386 2051 652 2143 reprehendent,
675 2054 764 2141 quod
782 2052 954 2118 inusitatas
980 2049 1051 2116 vias
1071 2049 1298 2136 indagemus,

209 2211 418 2231 m

242 2305 361 2378 effigiem
378 2310 487 2360 auribus
503 2301 669 2381 quaerimus]
697 2309 807 2379 efficiam
823 2327 842 2363 a
858 2310 933 2364 scobis
950 2307 1107 2381 quaerimus.
1123 2305 1185 2360 Vis.

276 2378 318 2431 to.
353 2376 451 2444 tutas]
478 2378 530 2437 Or.
550 2380 643 2433 Ceteri
660 2382 745 2435 ideas.
910 2390 915 2398 '

241 2455 267 2496 et
284 2449 432 2516 magister]
458 2464 516 2501 om.
531 2449 604 2503 Kob.
622 2448 702 2502 Med.

242 2523 269 2563 et
285 2523 324 2567 ait
340 2515 455 2586 semper]
476 2529 502 2566 et
514 2529 561 2568 aut
576 2537 676 2585 semper
692 2518 746 2572 Dr.

240 2583 438 2655 intelligentia]
464 2584 608 2654 diligentia
625 2588 706 2640 Mon.

241 2653 378 2722 occidere]
403 2657 540 2705 concidere
556 2656 637 2708 Mon.

241 2738 292 2770 uno
314 2733 341 2772 er
360 2722 466 2790 eodem]
492 2739 548 2776 om.
568 2737 592 2775 et
608 2722 679 2781 Kob.

240 2792 279 2840 ad
294 2788 435 2857 ultimam]
460 2793 497 2842 ad
516 2793 662 2845 utilitatem
679 2793 731 2846 Dr.

276 2859 319 2912 ll.
353 2864 397 2911 Ae
412 2861 507 2927 video]
536 2865 675 2929 resjudico
693 2861 749 2916 vtt.

240 2945 274 2977 ex
291 2929 429 2998 oratoriis]
461 2928 619 2984 Stroboeus.
651 2931 743 2984 Gron.
761 2928 797 2982 ad
821 2928 881 2983 Cic.
903 2929 984 2984 Brut.
1002 2945 1027 2984 c.
1046 2929 1096 2996 89,
1113 2929 1178 2986 805.
1203 2929 1303 2988 Sclsir.

206 2993 272 3049 Seh.
292 2995 341 3052 Or.
359 3025 394 3039 --
411 3001 527 3050 oratoris
548 3002 599 3052 Dr.
618 2999 727 3052 Nonius
755 3015 777 3050 s.
799 3017 825 3053 v.
847 3003 988 3067 ingressus.
1013 2999 1211 3071 plurimaeque
1232 3002 1303 3055 edd.

207 3093 243 3109 -
260 3084 293 3116 ex
310 3079 443 3118 oratorum
460 3067 517 3119 vit.
552 3068 622 3121 Vide
639 3067 674 3121 ad
688 3086 750 3150 cap.
764 3071 804 3124 19.
825 3068 931 3119 eculeos
949 3071 1086 3122 oratorios.

241 3136 288 3185 sed
305 3153 319 3184 e
335 3135 432 3206 media]
451 3138 497 3187 sed
514 3138 644 3189 demedio
653 3139 761 3189 Nomus
775 3136 1302 3206 ep.PerottiCornucop.Basil.1536,

242 3222 300 3253 eum
319 3206 456 3273 antiquam
478 3218 533 3257 tum
557 3205 759 3275 subobscuram]
796 3218 851 3256 rum
877 3209 1015 3276 antiquom
1041 3219 1096 3257 tum
1115 3226 1136 3257 s.
1154 3206 1214 3260 vit.
1245 3209 1300 3265 Dr.

209 3272 267 3326 Gu.
280 3271 309 3326 3.
327 3273 405 3332 Med.
423 3272 488 3328 Seh.
507 3277 532 3330 2.
549 3303 585 3316 -
602 3288 658 3326 rum
671 3278 809 3341 antiquam
830 3293 888 3324 cum
908 3296 930 3329 s.
951 3277 1018 3328 Ven.
1037 3279 1062 3331 1.
1099 3277 1244 3342 Quamvis
1262 3277 1301 3329 sit

208 3340 341 3407 difficile,
359 3341 433 3395 hanc
446 3342 621 3396 locutionem
643 3355 787 3397 cum-tum
804 3351 935 3396 accurate
952 3342 1126 3408 describere,
1143 3353 1248 3397 tamen
1269 3347 1301 3398 in

209 3427 242 3464 ea
262 3427 293 3463 re
316 3411 422 3482 aliquid
444 3412 521 3482 quod
541 3412 572 3465 in
591 3412 753 3467 universum
770 3412 923 3463 tenendum
947 3413 998 3475 sit,
1028 3421 1124 3482 potest
1143 3415 1300 3469 constitui.

208 3480 258 3533 Vis
273 3479 349 3535 enirn
370 3479 466 3533 nativa
481 3483 635 3547 particulae
649 3502 706 3535 cum
723 3491 830 3534 certam
844 3482 952 3548 aperire
967 3481 1079 3534 videtur
1094 3482 1178 3534 siem.
1215 3484 1298 3535 Cum-

210 3561 267 3600 rum
283 3549 317 3600 iis
335 3549 365 3601 in
381 3549 453 3601 locis
469 3549 591 3616 dieitur,
609 3551 660 3605 ubi
673 3550 751 3621 prius
772 3551 933 3603 membrum
956 3568 1069 3604 causam
1085 3550 1217 3604 continet
1234 3553 1298 3605 eius

209 3615 284 3688 quod
310 3615 488 3671 insecundo
513 3619 641 3672 membro
667 3619 846 3675 ennucistur.
901 3619 1079 3681 Ubicumque
1110 3619 1201 3688 igitur
1236 3621 1298 3674 duo

209 3684 337 3741 membre
358 3687 400 3740 ita
419 3696 486 3740 sunt
510 3698 686 3758 comparata,
726 3697 758 3742 ut
777 3687 944 3754 praecedens
961 3689 1077 3743 alterius
1102 3688 1183 3759 quasi
1205 3706 1299 3744 causa
1340 3712 1342 3757 ;

210 3752 333 3825 eogitari
352 3756 455 3823 possit,
475 3773 540 3811 cum
565 3757 713 3827 particulis
735 3771 877 3808 cum-sum
894 3773 953 3808 non
974 3775 1039 3810 cum
1062 3767 1203 3808 turn-tum
1224 3759 1298 3824 juu-
1340 3774 1342 3813 t

208 3831 323 3894 guntur.
361 3825 407 3877 Sic
420 3825 452 3876 iu
470 3836 569 3879 nostro
582 3828 602 3886 1,
614 3827 682 3881 haec
698 3826 768 3878 rstio
784 3826 857 3878 salet
874 3845 932 3876 eum
956 3831 1095 3896 antiquom
1115 3839 1172 3876 rum
1191 3828 1298 3880 subob-
1340 3866 1342 3873 «

208 3911 313 3946 seuram
329 3892 349 3948 i.
368 3910 392 3951 e.
410 3897 474 3963 quia
491 3900 602 3964 antiqua
618 3911 657 3950 εει
676 3898 822 3964 disputatio
841 3913 913 3959 mea,
938 3907 977 3946 est
993 3897 1160 3948 subobscuro.

243 3963 309 4032 quid
325 3962 409 4032 isaer]
436 3966 473 4014 ad
483 3967 548 4034 quid
564 3964 629 4017 lsoee
642 3966 799 4036 pertimeant.
819 3966 855 4015 ad
871 3983 903 4015 ea
920 3986 945 4034 q.
966 3964 1020 4018 vit.
1035 3963 1098 4020 2da
1113 3982 1152 4018 m.

244 4041 274 4081 ut
291 4035 361 4097 uon]
384 4045 408 4082 et
426 4051 475 4083 aon
493 4035 566 4087 Kob.

244 4110 293 4151 uui
309 4101 494 4168 reprehendent
510 4105 581 4171 quod
598 4106 646 4158 i.u.
655 4102 824 4173 indagemus]
846 4112 894 4154 aut
912 4102 1076 4170 reprehendet
1094 4101 1149 4152 vit.
1172 4102 1245 4156 ven.
1268 4107 1296 4159 2.

208 4195 243 4206 -
261 4178 308 4219 aut
320 4168 508 4237 reprehendunt
521 4174 590 4240 qucsl
608 4175 626 4228 i.
641 4191 665 4227 v.
679 4174 838 4241 indagamus
853 4170 930 4223 Med.
945 4170 1010 4223 Tul.
1026 4170 1111 4236 Kob.,
1131 4169 1179 4250 qui
1193 4180 1297 4226 temen

209 4239 362 4306 indigemus
379 4239 521 4307 expressit.
539 4269 573 4281 -
590 4242 750 4312 indagemus
768 4241 837 4301 Veu,
857 4241 881 4292 1.
897 4267 932 4280 -
949 4241 1014 4307 quid
1033 4241 1053 4292 i.
1069 4259 1095 4291 v.
1114 4239 1168 4294 Vtt.
