2692 5018
74 316 79 331 ¹
167 294 233 362 108
426 294 440 347 .'
598 282 824 353 ORATOR

291 440 386 522 Eam,
409 463 498 528 qnam
519 438 597 504 nihil
615 464 752 521 conans,
775 439 913 505 damnas.
965 437 968 444 ’

168 539 383 609 Condemnns
405 542 549 622 diceret,
571 541 629 627 qui
650 563 789 606 versum
812 541 962 627 effugere
981 542 1090 610 vellet.

249 646 330 708 Bene
350 669 439 730 quam
461 649 594 707 meritam
615 662 847 721 esse‘nutumas,
871 646 947 709 dicis
966 646 1045 709 mole
1065 647 1180 711 mereri.

248 730 289 792 Id
309 729 390 816 quod
410 734 469 794 scis
486 728 607 814 prodest
627 729 722 797 sitit:
743 730 777 791 ici
797 729 879 815 quod
899 735 993 795 nescis
1014 730 1102 794 obest.

124 863 128 868 ’
165 831 312 901 Versum
344 829 447 895 efficit
474 831 547 918 ipsa
574 830 693 896 relatio
723 829 980 895 contrariorum.
1028 830 1064 894 ld
1094 841 1180 896 esset
1205 831 1242 897 in

164 933 316 998 oratione
346 951 585 1012 numerosum,
615 930 707 1021 qnod
734 931 803 996 scis
831 931 921 998 nihil
952 930 1115 1021 prodest:
1151 935 1244 1023 qnod

100 1043 144 1108 60
165 1034 276 1103 nescis
298 1033 448 1101 multum
469 1033 571 1100 obest.
623 1034 766 1122 Semper
786 1033 889 1109 haec,
920 1056 1005 1119 quae
1033 1034 1157 1101 Gracci
1179 1034 1243 1102 siv-

162 1139 278 1206 insta
299 1137 492 1218 nominant,
520 1134 695 1201 contrariis
717 1157 796 1201 cum
817 1147 1039 1222 opponuntur
1058 1141 1242 1220 contraris,

162 1262 348 1313 numerum
371 1237 556 1307 oratorium
584 1235 782 1311 necessitato
806 1236 878 1323 ipsa
898 1235 1065 1323 efficiunt,
1101 1251 1137 1304 et
1161 1263 1242 1306 eum

101 1344 237 1411 167sine
263 1339 438 1414 industria.
482 1339 555 1408 Hoc
577 1360 701 1425 genero
721 1336 850 1423 antiqui
870 1339 947 1425 ism,
961 1352 1041 1406 ante
1062 1341 1243 1411 Isocratem

163 1443 415 1510 delectabantur
451 1454 485 1510 st
511 1441 660 1508 maxims
691 1439 851 1525 Gorgias,
878 1440 990 1530 :caius
1018 1442 1056 1509 in
1080 1448 1243 1521 'orations

162 1548 362 1635 plerumque
383 1541 484 1609 efficit
504 1565 686 1609 numerum
707 1542 781 1630 ipsa
801 1542 1013 1610 concinnitas.
1049 1546 1118 1613 Nos
1135 1551 1240 1614 etiam

164 1651 200 1716 in
221 1649 285 1713 hoc
304 1667 426 1732 genero
448 1643 655 1731 frequentem
677 1655 718 1709 nt
737 1644 796 1710 illa
814 1654 895 1709 sunt
915 1643 949 1708 in
973 1658 1096 1731 quarto
1119 1651 1238 1716 Accu-

164 1749 316 1818 sationis:
345 1744 534 1835 „Conferte
562 1747 653 1812 irnnc
668 1769 796 1834 pacem
819 1769 897 1810 cnm
918 1746 979 1812 illo
1002 1747 1110 1832 bello,
1137 1753 1239 1819 isicius

163 1851 339 1945 praetoris
367 1849 554 1917 adventum
588 1870 668 1944 cnm
693 1847 789 1913 illins
825 1846 1046 1934 imperatoris
1079 1852 1241 1938 victoria,

165 1956 267 2023 iinins
294 1951 469 2017 cohortem
497 1952 674 2038 impuram
703 1970 781 2014 cnm
810 1947 905 2013 illins
926 1952 1078 2018 exercitu
1098 1955 1241 2040 invicto,

164 2059 265 2124 listins
298 2052 456 2119 libidines
492 2075 572 2118 cum
607 2050 702 2116 illins
738 2050 968 2133 continentia,
1011 2054 1053 2120 ab
1086 2057 1148 2122 illo
1179 2063 1243 2149 qni

164 2159 258 2247 cepit
285 2153 455 2233 conditos,
488 2151 533 2217 nb
560 2150 625 2218 noc
652 2153 712 2242 qni
732 2153 935 2223 constitutas
956 2157 1090 2248 accepit
1110 2172 1241 2250 captas

166 2259 288 2329 dicetis
309 2257 539 2347 Syracusas.“

164 2387 373 2408 ...naa—⁸

200 2476 278 2539 quam
292 2461 378 2530 ninii]
395 2479 420 2514 v.
435 2458 532 2516 endem
545 2461 630 2514 verba
645 2460 744 2533 Topic.
762 2462 844 2521 c.18.
859 2493 894 2506 -
913 2485 993 2537 quam
1013 2468 1082 2522 mins·
1099 2474 1134 2525 L.

201 2533 333 2603 dasnnas]
353 2535 454 2582 damna
468 2531 536 2584 Ven.
556 2535 583 2585 2.
595 2531 659 2587 Tul.

141 2639 151 2658 ι
200 2601 368 2668 condemnas]
389 2602 543 2651 condemnat
555 2601 622 2652 Ven.
636 2603 661 2654 1.
676 2601 722 2654 Cr.
732 2601 765 2654 L.

201 2679 325 2728 diaeres—
337 2668 429 2736 vellet]
449 2668 723 2723 dixisset-voluisset
745 2674 814 2728 Ven.
835 2674 860 2725 1.
873 2672 950 2727 Med.
971 2673 1053 2732 Aldd.
1073 2677 1118 2729 Jn.
1143 2677 1190 2734 Cr.
1204 2677 1235 2731 L.

170 2741 280 2811 Gryph.
298 2743 322 2797 1.
333 2764 369 2778 -
380 2737 519 2790 voluissem
534 2737 596 2792 vn,

202 2832 256 2864 esse
269 2821 408 2869 aurumne,
428 2805 512 2873 dicis]
533 2822 588 2861 om.
601 2824 657 2857 esse
668 2803 733 2861 Sch.
749 2809 775 2862 2.
797 2835 832 2848 -
847 2829 901 2860 esse
915 2823 1038 2864 autumas
1048 2833 1096 2880 pra
1110 2817 1237 2880 autimas,

168 2882 300 2934 dieisDr.
314 2882 384 2930 Ven.
408 2878 429 2929 1.
450 2901 483 2912 ··
500 2894 556 2924 esse
576 2877 693 2926 autimas
714 2896 763 2942 pro
783 2889 922 2932 autumas:
947 2884 1015 2931 dics's
1039 2884 1107 2934 Ven.
1129 2887 1156 2938 2,
1172 2885 1236 2936 Tul,

168 2953 271 3019 Versus
284 2946 331 3002 hic
346 2947 414 2998 duas
428 2942 512 2996 habet
523 2951 624 3013 partes.
638 2945 809 3001 terminatur
822 2963 889 3000 vero
899 2949 980 3018 prior
988 2966 1072 3004 sensu
1086 2952 1237 3023 flagitante

67 3044 69 3048 ’
168 3027 234 3091 post
245 3033 305 3073 voc.
322 3027 456 3064 autumas.
853 3056 856 3062 ,

205 3087 315 3151 mereri]
332 3101 426 3134 merere
442 3083 498 3137 vit.
513 3081 565 3133 Dr.
579 3080 647 3132 Van.
662 3084 687 3135 1.

172 3180 175 3185 ·
201 3156 314 3226 inquot
330 3151 399 3221 scis]
420 3167 476 3206 om.
492 3152 521 3200 id
534 3148 597 3212 Sch.
618 3152 693 3200 -in
716 3153 786 3220 quod
805 3154 859 3205 scis
880 3156 1002 3222 prodest,
1026 3157 1096 3210 nihil
1115 3159 1148 3211 id
1169 3163 1237 3229 quod

166 3226 437 3280 nescisobsst.--
454 3222 522 3289 quod
546 3221 600 3268 scis
617 3218 687 3268 ninit
702 3223 823 3289 prodest:
851 3226 920 3291 nitori
942 3227 995 3276 scis
1017 3227 1130 3278 multum
1155 3232 1234 3284 obest.

168 3293 278 3364 Gryph.
292 3294 317 3346 1.
332 3318 367 3331 -·
380 3292 409 3340 in
423 3291 492 3358 qaod
504 3291 557 3337 sris
567 3289 673 3356 prodest
690 3289 771 3341 nihil:
792 3291 902 3341 inultum
921 3294 951 3343 ia
971 3296 1039 3362 quod
1062 3298 1149 3348 neseis
1166 3301 1237 3348 obest

167 3367 200 3418 L.
214 3366 244 3416 in
266 3369 325 3415 not.
357 3360 402 3410 En
421 3373 514 3409 veram
529 3365 624 3407 tuetur
642 3357 794 3410 lectionem
808 3360 890 3415 Mon.
917 3365 952 3414 lt
972 3365 1041 3432 quod
1060 3369 1115 3417 seis
1128 3370 1237 3434 prodeas

165 3433 235 3487 nihil
243 3453 251 3484 ε
270 3433 299 3481 iri
315 3430 385 3499 quod
398 3429 482 3481 nescis
496 3428 566 3474 ‹ibsst
583 3424 700 3480 inultum,

202 3494 314 3567 relatio]
341 3499 411 3550 ratic
431 3495 485 3550 vit.
501 3495 553 3547 Dr.
571 3496 640 3547 Ven.
657 3496 680 3549 1.
694 3497 720 3549 2.
738 3495 817 3552 Mea.
833 3497 898 3550 Tul.
917 3499 955 3553 cf.
974 3501 1000 3570 §.
1022 3502 1081 3556 175.
1124 3516 1230 3556 emm.

168 3575 217 3632 ris's
232 3570 319 3622 relata
335 3567 480 3617 contraria.

236 3641 304 3705 Cap.
324 3638 366 3691 50.
398 3636 428 3685 ia
440 3630 522 3698 esset]
541 3631 569 3679 it
585 3641 624 3679 est
638 3631 717 3689 Med.
732 3660 767 3674 -
784 3635 854 3687 idem
874 3649 940 3689 esset
955 3643 1018 3695 Vnt.

167 3765 169 3769 ,
200 3704 352 3773 ἀντίθετα]
372 3702 504 3753 antitheta
519 3704 588 3753 Ven.
602 3702 628 3754 2.

166 3788 174 3803 ·
200 3778 343 3829 contrariis
359 3790 416 3824 essm
435 3768 513 3836 oon]
534 3767 579 3820 Sic
593 3768 713 3838 recepie
731 3769 783 3823 Dr·
793 3801 828 3811 —
846 3791 904 3823 cnm
917 3777 1061 3827 contrariis
1077 3778 1185 3836 Ceteri,

201 3859 226 3898 et
240 3846 316 3914 eum]
335 3844 416 3893 eriam
431 3840 485 3892 Gn.
499 3837 524 3893 3.
543 3840 608 3890 Vsn.
624 3840 647 3893 1.
665 3839 742 3894 Med.
763 3840 859 3910 Stsplr.
874 3843 906 3895 L.
922 3843 987 3900 Sch.
1002 3846 1053 3899 Or.
1073 3878 1077 3887 ι

235 3917 293 3970 167.
329 3906 487 3975 Isocratem]
506 3908 701 3961 isocratenDr.

203 4005 216 4034 s
238 3982 450 4041 scitnumerum]
474 3992 531 4029 om.
548 3994 680 4026 numerum
703 3977 759 4039 Vit.

191 4048 372 4127 j‘rsquentes]
389 4046 453 4098 add.
461 4045 570 4114 fuimus
582 4043 677 4114 steph.
695 4045 728 4099 L.

165 4146 176 4155 ··
198 4125 230 4176 in
243 4116 354 4190 quarto]
374 4113 535 4179 Act.11.4,
554 4112 596 4167 52.

199 4209 258 4244 cum
270 4187 317 4242 ilio
330 4182 415 4251 bello]
437 4202 495 4235 cum
507 4181 580 4234 illius
600 4179 666 4236 bello
684 4180 753 4237 Ven.
771 4183 797 4240 2.
812 4184 877 4240 Tul.

200 4264 245 4332 qui
258 4256 347 4327 cepit]
364 4263 409 4322 qut
425 4253 508 4322 capit.
525 4253 584 4307 Vct.
