2692 5018
214 278 304 349 m,-
436 311 441 319 .
647 242 882 332 onsnon'

177 451 185 468 r
213 424 252 491 in
276 419 416 488 dicendo
441 443 661 488 numerosum
682 428 840 506 putatur,
871 434 942 483 non
964 414 1052 502 quod
1076 427 1188 482 totum
1212 437 1298 481 con-

116 560 124 573 ·
217 537 284 593 stat
305 546 325 589 o
347 525 512 601 numeris,
534 526 592 589 sed
615 522 705 610 qnod
728 521 770 587 ad
792 540 952 585 numeros
974 519 1128 607 proxime
1148 517 1301 582 accedite

174 621 177 627 ⁴
217 651 284 715 quo
317 627 418 690 etism
450 624 614 690 difficilius
646 636 694 689 est
726 623 878 688 oratione
909 623 963 686 uti
991 642 1093 708 quam
1133 619 1301 694 versibus.

216 727 306 814 quod
330 728 372 791 -in
402 724 469 792 iuis
495 740 587 794 certa
605 726 775 815 quaedam·
793 736 827 791 et
848 721 987 789 definita
1009 724 1065 788 lex
1093 734 1157 802 est,
1195 744 1301 808 quam

213 829 312 917 sequi
334 830 378 894 sit
398 850 549 911 neeesse;
571 828 607 892 in
629 828 771 894 dicendo
791 838 904 892 autem
917 825 1001 891 nihil
1015 837 1062 890 est
1075 824 1302 913 propositum,

218 931 290 996 nisi·
315 941 356 996 ut
383 952 428 995 ne
455 928 678 996 immoderate
710 940 769 994 aut
796 939 936 1015 augusta
965 937 1023 993 aut
1053 929 1215 993 dissoluta
1243 938 1303 992 sut

222 1031 330 1097 fluens
352 1031 394 1096 sit
415 1032 533 1100 oratio.
582 1034 698 1120 Itaque
719 1052 787 1097 non
808 1031 944 1096 suntin
967 1053 1005 1093 ea
1031 1040 1195 1113 tanquam
1218 1026 1301 1095 tibi-

169 1152 173 1164 ·
224 1133 293 1199 cini
316 1135 571 1221 percussionum
594 1133 701 1216 modi,
731 1133 787 1198 sed
811 1129 1250 1217 universacomprehensio
1271 1140 1303 1193 et

221 1235 348 1322 species
368 1235 525 1301 orationis
548 1238 658 1303 clausa
680 1247 715 1301 et
736 1237 915 1301 terminata
931 1244 998 1298 est:
1021 1234 1110 1323 quod
1130 1232 1304 1320 voluptate

222 1337 359 1402 aurium
380 1337 561 1403 iudicatur.

158 1444 202 1510 59
282 1439 401 1506 -Solet
429 1453 543 1505 autem
571 1440 703 1525 quaeri,
740 1451 856 1506 totone
888 1440 925 1506 in
955 1437 1086 1504 ambitu
1114 1434 1303 1503 verborum

163 1548 215 1605 199
229 1540 364 1609 numeri
395 1537 540 1605 tenendi
559 1543 644 1621 sint,
681 1566 725 1607 an
754 1543 791 1607 in
820 1542 941 1631 primis
970 1541 1121 1632 partibus
1142 1549 1244 1621 atque
1265 1537 1302 1600 in

223 1639 390 1709 extremis.
433 1643 589 1730 Plerique
612 1644 702 1708 enim
727 1656 860 1708 censent
882 1647 1002 1708 cedere
1023 1653 1154 1708 tantum
1174 1660 1301 1705 nume-

223 1766 300 1810 rose
319 1753 477 1830 oportere
504 1745 749 1832 terminarique
770 1746 981 1814 sententiam.
1024 1747 1085 1811 Est
1105 1754 1235 1816 autem,
1264 1751 1303 1803 ut

224 1846 262 1912 id
286 1846 590 1932 maximedeceat‚
626 1871 697 1914 non
719 1848 752 1913 id
774 1850 905 1926 solum3
942 1847 1118 1936 ponendus
1142 1854 1192 1908 est
1213 1840 1301 1907 enim

225 1948 281 2014 ille
302 1947 466 2031 ambitur,
501 1973 571 2015 non
600 1948 811 2015 abiiciendus.
863 1948 981 2037 Quare
1013 1970 1091 2013 cum
1121 1968 1221 2012 aures
1244 1966 1301 2008 ex·

224 2062 370 2115 tremum
388 2073 521 2136 semper
536 2061 709 2136 expectent
726 2050 761 2114 in
774 2071 878 2133 eoque
891 2049 1110 2134 acquiescant,
1134 2049 1166 2112 id
1183 2067 1303 2111 vacare

226 2172 368 2220 numero
390 2173 458 2228 non
481 2163 632 2238 oportet,
656 2151 715 2215 sed
732 2151 880 2216 adhunc
897 2155 1026 2216 exitum
1045 2163 1151 2216 tamen
1166 2172 1186 2213 n
1202 2148 1304 2234 prin·

228 2250 316 2336 cipio
339 2248 421 2314 frrri
450 2253 547 2317 debet
576 2253 757 2317 verborum
780 2252 838 2317 itta
862 2253 1115 2338 comprehensio
1138 2262 1172 2315 et
1192 2262 1303 2314 totae

228 2354 341 2442 capite
362 2354 409 2418 ita
430 2352 557 2431 fluere,
589 2366 630 2418 ut
658 2355 699 2420 ad
723 2366 914 2428 extremum
936 2356 1074 2418 veniens
1095 2354 1167 2440 ipsa
1190 2352 1303 2417 consi-

163 2470 217 2528 200
231 2467 303 2521 stat.
348 2457 384 2521 Id
408 2466 521 2520 autem
543 2453 631 2522 bona
653 2455 831 2543 disciplina·
843 2455 1044 2532 exercitatis,
1068 2455 1125 2539 qui
1148 2469 1182 2520 et
1197 2456 1303 2519 multa

226 2556 421 2643 scripserint
450 2568 482 2620 et
509 2578 742 2643 quaecumque
772 2559 874 2646 etiam
899 2556 971 2621 sine
999 2557 1122 2645 scripto
1146 2557 1302 2634 dicerent,

229 2658 353 2724 similia
387 2660 589 2748 scriptorum
624 2657 817 2743 effecerint,
863 2682 934 2724 non
960 2659 1023 2726 erit
1057 2658 1302 2728 difficillimum.

235 2851 443 2871 Ἤ

226 3040 236 3056 ,
265 2997 392 3066 putatur]
410 3010 517 3067 putetur
531 2999 586 3054 Vit.
604 3000 638 3057 Is.

268 3067 392 3134 contrat]
410 3079 510 3119 constet
523 3069 578 3122 vit.
593 3098 629 3109 -
640 3080 747 3120 cunctat
758 3088 773 3121 e
785 3070 929 3122 numerosis
944 3071 1012 3123 Ven.
1028 3072 1051 3126 1.

268 3151 317 3202 quc
331 3139 410 3186 etiam
424 3135 566 3202 difficilius
579 3140 638 3207 eet]
656 3155 711 3190 om.
727 3151 765 3189 est
782 3141 848 3192 Ven.
866 3143 935 3194 1.-
947 3143 1015 3207 puori
1029 3142 1107 3189 etiam
1122 3139 1191 3193 Ven.
1205 3139 1304 3192 mot.

215 3267 217 3282 1
233 3228 269 3242 -
280 3215 320 3254 ut
334 3208 479 3325 quispiam
486 3206 636 3329 {liffieiiiue
650 3226 673 3262 u.
688 3208 766 3262 Med.
781 3238 816 3248 -
828 3221 867 3259 eat
881 3227 981 3278 quoquc
996 3211 1077 3259 etiam
1094 3205 1155 3273 diff.
1170 3224 1229 3277 mg.
1238 3208 1303 3260 Tul.
1315 3209 1318 3215 ’

234 3297 270 3310 ·—
284 3288 339 3326 om.
352 3293 391 3325 ur
433 3291 476 3326 en.
506 3313 512 3328 .

266 3343 338 3409 puori
349 3344 375 3391 iu
389 3343 460 3411 illia]
480 3361 536 3396 om.
552 3346 581 3394 in
597 3345 679 3397 Grut.
693 3347 761 3400 Ern.
776 3346 827 3401 Or.
843 3374 879 3386 -
893 3347 997 3415 quidm
1010 3347 1038 3396 in
1051 3345 1108 3397 illio
1127 3344 1184 3401 Vit.

268 3408 339 3460 nihil
351 3413 406 3479 est]
426 3429 481 3466 om.
496 3425 534 3463 est
548 3414 613 3464 Ven.
625 3417 649 3468 2.

270 3480 325 3527 ru'ri
335 3489 364 3528 ut
376 3480 424 3549 nr]
444 3482 506 3537 Sch.
520 3482 569 3537 Or.
587 3512 618 3523 -
632 3482 684 3534 nisi
695 3495 743 3534 aut
758 3503 790 3535 ne
802 3482 904 3538 Ceteri.
924 3513 957 3525 -
970 3486 1025 3536 nisi
1036 3503 1067 3534 ne
1083 3496 1130 3534 aut
1144 3483 1178 3537 L.

244 3575 249 3583 ·
269 3557 318 3598 aut
334 3556 469 3618 augusta]
489 3569 524 3600 ars
537 3569 598 3618 ang.
613 3552 668 3608 vit.
955 3542 958 3560 i

268 3617 392 3685 tibicini]
411 3621 528 3670 tibicinia
545 3621 600 3672 Vir.

267 3685 419 3755 iudicatur]
438 3690 571 3739 indicatur
589 3689 666 3743 Med.

233 3830 246 3870 τ
304 3747 432 3874 βέριέξ).
467 3758 525 3812 199.
561 3759 588 3808 in
603 3758 744 3826 extremit]
763 3760 883 3829 atquein
897 3760 1021 3811 extremis
1043 3776 1079 3809 an
1097 3757 1181 3809 tolum
1203 3758 1234 3809 in
1256 3778 1305 3810 cx-

247 3839 324 3872 remrr
355 3840 369 3874 c

268 3908 319 3939 non
331 3895 360 3941 iil
372 3893 474 3958 coium]
494 3915 544 3945 non
556 3907 584 3946 ut
597 3897 628 3945 id
640 3903 723 3946 solum
744 3897 809 3952 sch.

266 3963 417 4030 ponendus]
438 3979 492 4016 om.
510 3963 579 4028 Ven,
595 3966 621 4018 2.
636 3965 699 4017 Tul.

266 4037 353 4077 tomen
368 4049 385 4080 c
398 4034 547 4101 prinqipio]
565 4046 620 4084 tam
635 4050 693 4103 mg.
706 4034 769 4087 Tul.
785 4033 843 4102 (sic
852 4070 861 4102 ,
878 4035 1022 4104 nonium)
1041 4062 1077 4076 -
1094 4036 1149 4088 iam
1160 4036 1223 4087 inde
1235 4033 1306 4093 Em.

255 4091 350 4164 ferri]
364 4097 429 4165 fieri
444 4099 498 4155 vtt.

297 4165 359 4218 200.
393 4171 558 4239 scripserint]
577 4164 735 4236 seripserurit
749 4175 820 4224 Ven.
834 4173 861 4227 2.
872 4171 939 4229 Tul·

263 4236 347 4286 etiam
358 4237 433 4308 sine]
454 4253 510 4292 om.
526 4242 607 4293 etiam
620 4243 688 4297 Ven.
703 4243 731 4298 2.
745 4239 810 4298 Tul.
906 4279 910 4286 -
