2692 5018
181 419 287 482 Edit.
313 424 468 484 Ernest.

64 540 116 617 qui
134 541 218 599 tarda
236 542 266 599 in

64 628 193 683 orationi

64 721 96 768 ut
112 713 296 771 comicorum

66 798 137 860 185.
161 798 192 854 in
209 797 307 856 verbis
323 797 402 858 inest

64 883 230 940 aniciorum
247 903 351 940 sensus

63 967 155 1024 suerit
170 977 287 1044 reperta
302 1001 344 1012 -
356 967 458 1045 itaqua

68 1054 138 1115 186.
158 1053 346 1130 reliquerunt

65 1156 90 1193 c.
105 1137 155 1201 56.
182 1137 362 1196 lincamenta

67 1227 137 1285 187.
162 1222 282 1298 quodsi
301 1233 332 1282 et

65 1315 96 1364 et
113 1307 169 1364 alia
186 1317 229 1365 est

65 1397 135 1456 188.
160 1401 212 1451 aut
227 1393 327 1472 sesqui

63 1498 159 1555 paeon

64 1566 134 1626 189.
158 1582 290 1637 magnam
309 1561 387 1620 enim

61 1646 246 1704 usitatissimi

64 1737 136 1796 190.
160 1732 298 1792 Isocratis

62 1820 100 1874 ad
116 1816 240 1874 verbum
256 1818 382 1898 primam

61 1902 104 1960 ita
123 1903 218 1959 factus

61 1985 298 2066 Aristophaneus

62 2075 147 2135 c.57.
159 2076 228 2136 191.
244 2069 409 2131 videndum
426 2067 476 2129 sit.
491 2068 568 2127 Sunt

61 2156 143 2234 quod
158 2160 196 2214 sit

59 2242 135 2298 levis
152 2243 216 2319 ipae

60 2327 196 2384 accidere

60 2412 136 2470 alter
151 2410 248 2486 longis

62 2502 132 2560 192.
158 2496 207 2573 qui
224 2493 345 2554 audient

61 2586 133 2646 194.
157 2581 272 2658 recepit

59 2687 148 2745 (luctu
165 2667 241 2744 sugit

60 2756 131 2815 195.
153 2751 309 2830 permistos

61 2856 125 2893 esse
139 2846 173 2894 ut
188 2858 293 2916 poema

61 2925 133 2984 196.
157 2923 283 2998 optimus
301 2929 408 2979 auctor

58 3025 87 3062 c.
107 3010 157 3071 58.
180 3006 337 3065 dicendum
353 3015 399 3065 est

770 415 855 480 Coa.
876 421 1024 483 Monac.

634 539 693 617 qui
705 539 739 596 in
752 536 847 597 tarda
858 541 894 599 in

633 626 781 681 orationis

632 729 671 766 ac
687 711 872 768 comicorum

633 796 667 851 in
683 793 782 852 verbis
796 806 840 853 est

633 900 944 941 numerorumseueus

633 965 731 1023 omitt.

631 1050 841 1127 relinquerunt

631 1134 813 1193 liniamenta

631 1217 718 1297 quod
735 1224 793 1277 etsi

632 1326 691 1363 oin.
705 1317 749 1362 eet

630 1401 689 1446 aut
704 1410 792 1469 aeque

624 1496 728 1553 paean

628 1581 776 1638 magnam
795 1572 895 1621 autem

627 1667 714 1702 uersu
719 1647 832 1705 tissimi

628 1731 761 1788 Isocrati

627 1813 674 1873 ad
683 1816 807 1874 uerbum
813 1819 953 1895 primum

628 1904 735 1979 itaque
739 1903 855 1978 factus
879 1910 882 1919 '

626 1988 846 2065 astraphaueus

625 2070 792 2132 videndum
807 2084 835 2131 et
848 2084 920 2131 eunt

626 2154 753 2236 quodsi

627 2243 703 2301 levis
714 2253 759 2299 est

628 2326 761 2385 occidere

625 2413 704 2470 alter
718 2434 733 2469 e
748 2413 850 2490 longia

575 2570 583 2581 ὓ
625 2501 682 2577 qui
693 2497 828 2556 audiant

623 2585 732 2661 recipit

625 2669 799 2747 quemfecit

617 2757 784 2834 permixtos

624 2851 698 2897 esset
710 2850 745 2897 ut
752 2857 864 2919 poema

623 2926 775 2982 maximus
791 2934 898 2982 auctor

624 3029 683 3071 om.
698 3021 741 3066 eet

60 3094 132 3154 197.
155 3112 248 3169 paeon
266 3105 365 3151 autem
377 3091 409 3149 in
426 3090 528 3171 ampli.
617 3116 721 3173 paean
736 3096 770 3153 iu
784 3092 984 3174 amplioribus·

59 3166 301 3240 w&mmmu

56 3280 84 3318 ⁰·
100 3263 149 3325 59.
171 3266 242 3326 199.
256 3261 377 3324 tenendi
389 3258 450 3323 sint

55 3345 164 3404 cadere

56 3429 240 3491 abiiciendus

56 3516 170 3574 exitum
185 3527 283 3575 tamen

624 3183 717 3237 nimia
732 3183 760 3237 is

622 3263 765 3323 tendendi
776 3266 840 3323 aiut

622 3371 658 3408 ea
674 3349 711 3408 de
725 3372 757 3408 re

621 3434 797 3495 obiciendus

620 3522 734 3579 exitum
752 3533 817 3579 tam

621 3606 834 3664 collocationes·
860 3598 868 3613 ⁰

621 3711 678 3750 om.
684 3692 751 3771 flat

619 3778 649 3833 si
675 3775 746 3834 inde

619 3858 863 3939 compendiorum

621 3956 648 4003 et
663 3946 825 4024 equalibus

619 4029 833 4109 suplicandum
847 4040 890 4088 est
906 4031 998 4090 etiam

592 4170 595 4177 .
614 4115 760 4194 partibus

590 4243 593 4251 ·
619 4198 766 4264 conclusa
781 4211 886 4262 currat

55 3620 83 3660 c.
103 3605 152 3664 60.
172 3607 242 3666 202.
265 3600 473 3661 collocationis

52 3704 179 3744 numero
197 3687 247 3746 fiat

53 3776 126 3834 203.
151 3771 176 3829 si
191 3772 272 3830 unde

53 3858 330 3935 componendorum

54 3961 82 3999 c.
97 3947 149 4006 61.
172 3948 245 4008 205.
268 3963 305 4000 an
322 3939 496 4022 aequalibus

54 4030 126 4090 206,
147 4028 358 4106 explicandum
376 4029 465 4089 ctiam
482 4036 527 4089 cat

52 4111 219 4190 particulis.

51 4203 125 4262 207.
147 4199 262 4258 inclusa
278 4207 383 4259 currat

1092 260 1153 326 159
