2692 5018
345 245 414 314 no
436 195 683 319 'nsncun
719 250 957 320 unsrun.
1124 267 1184 330 131

107 402 200 470 Ante
220 400 309 469 enim
328 398 618 470 circumscribitur
637 415 752 471 mente
768 405 930 474 sententia
945 404 1185 499 confestimque

108 505 213 571 verba
240 517 464 582 concurrunt,
506 526 593 590 quae
629 527 725 577 mens
756 507 890 585 eadem,
923 531 990 595 qua
1019 511 1103 577 nihil
1133 524 1185 579 est

107 607 267 688 celerius,
301 607 413 672 statim
437 605 592 687 dimittit,
623 620 663 672 ut
684 631 745 673 suo
767 610 924 695 quodque
944 612 1018 675 loco
1040 636 1183 702 respon·-

107 711 206 776 deat:
244 730 390 796 qnorum
422 706 605 797 descriptus
634 709 719 775 ordo
744 710 826 776 ulias
854 711 919 775 alis
946 713 1182 783 terminatione

107 811 333 887 concluditur,
364 823 464 894 atque
485 811 599 875 omnia
627 814 685 877 illa
704 823 738 878 et
759 810 868 898 prima
892 823 923 876 et
947 814 1058 878 media
1078 817 1183 880 verba

107 927 261 1003 spectare
277 913 396 977 debent
412 911 452 975 ad
465 910 633 978 ultimum.
655 914 826 980 Interdum
842 914 931 979 enirn
949 937 1066 981 cursus
1080 930 1130 983 est
1145 918 1182 983 in
1192 938 1243 993 201

108 1015 262 1084 oratione
291 1013 475 1093 incitatior,
516 1010 688 1079 interdum
719 1014 891 1081 moderata
926 1015 1101 1102 ingressio,
1145 1033 1185 1086 ut

107 1121 177 1187 iam
208 1141 230 1183 a
257 1115 424 1206 principio
453 1112 638 1181 videndum
672 1112 733 1196 sit,
779 1118 1063 1203 quemadmodum
1099 1122 1184 1188 velis

109 1220 227 1285 venire
246 1218 291 1311 ad
312 1229 513 1281 extremum.
560 1214 630 1281 Nec
655 1214 692 1279 in
720 1221 872 1284 numeris
897 1220 1002 1306 magis
1025 1244 1123 1307 quam
1147 1223 1184 1287 in

108 1320 246 1408 reliquis
265 1316 472 1384 ornamentis
491 1317 666 1399 orationis,
689 1321 800 1385 eadem
818 1342 894 1385 cum
916 1322 1076 1387 faciamus
1097 1346 1182 1406 quae
1204 1356 1207 1361 ·
1229 1354 1233 1361 ¹

108 1423 244 1512 poetae,
265 1419 446 1505 effugimus
467 1421 638 1487 tamenin
660 1422 813 1488 oratione
838 1423 1000 1508 poiimatis
1022 1424 1182 1490 similitu·-
1208 1454 1211 1459 ·

110 1527 234 1591 dinem.
280 1524 340 1589 Est
368 1519 458 1585 enim
482 1521 517 1587 in
541 1536 685 1608 utroque
718 1535 751 1589 et
779 1525 921 1590 materia
949 1536 983 1590 et
1011 1529 1181 1592 tractatios

106 1626 250 1694 materia
272 1625 308 1689 in
330 1624 455 1701 verbis,
491 1623 644 1688 tractatio
672 1625 708 1691 in
736 1626 956 1693 collocatione
985 1628 1180 1695 verborum.-

106 1734 244 1797 Ternae
264 1738 373 1792 autem
396 1736 473 1790 sunt
490 1725 662 1810 utriusque
683 1738 804 1813 partes.
836 1728 1045 1807 Verborum,
1069 1739 1182 1794 trans-
1202 1738 1246 1804 60

104 1834 215 1899 latum
236 1851 363 1894 novom
386 1826 552 1914 priscum3
576 1828 668 1916 (nam
692 1827 733 1891 de
752 1821 896 1917 propriis
916 1829 1001 1895 nihil
1023 1829 1183 1895 hocloco

107 1931 265 2014 dicimus)
288 1928 513 1995 collocationis
545 1944 679 2010 autem,
714 1951 773 1993 eae
803 1951 885 2015 quas
913 1931 1057 1997 diximus
1084 1955 1174 1997 com·
1193 1953 1247 2008 202

105 2033 230 2127 positio
251 2030 454 2096 concinnitas
476 2055 648 2098 numerus.
698 2032 764 2098 Sed
794 2031 829 2095 in
852 2044 997 2118 utroque
1018 2032 1184 2118 frequen-

105 2137 207 2201 tiores
222 2143 304 2199 sunt
322 2143 357 2197 et
369 2133 543 2199 liberiores
556 2135 694 2222 po'e'tac;
716 2157 795 2211 nam
812 2146 844 2198 ct
858 2135 1065 2201 transferunt
1079 2134 1184 2199 verba

106 2260 185 2304 cum
212 2234 361 2300 crebrius
388 2226 469 2300 tum⁸
488 2236 591 2301 etiam
614 2238 790 2319 audacius,
820 2248 854 2301 et
883 2237 1001 2326 priscis
1025 2236 1184 2302 libentius

103 2349 252 2408 utuntur
273 2347 308 2403 et
328 2334 466 2405 liberius
487 2338 594 2407 novis.
653 2339 754 2428 Quod
782 2336 873 2403 idem
900 2337 941 2403 fit
960 2339 997 2405 in
1018 2336 1181 2418 numeris,

108 2444 144 2508 in
163 2439 283 2529 quibus
307 2439 402 2522 quasi
419 2441 606 2506 necessitati
621 2463 742 2533 parere
763 2431 940 2526 coguntur.
984 2439 1049 2508 Sed
1067 2453 1181 2505 tamen

106 2549 188 2612 haec
206 2567 267 2609 nec
289 2539 389 2606 nimis
411 2563 480 2606 esse
501 2542 635 2609 diversa
657 2564 767 2629 neque
787 2542 856 2607 ullo
880 2542 979 2607 modo
1005 2541 1183 2605 coniuncta

104 2645 244 2733 intelligi
271 2647 359 2711 licet.
401 2643 451 2708 lta
484 2643 542 2718 fit,
576 2655 616 2708 ut
638 2666 706 2709 non
726 2643 808 2708 item
834 2643 870 2708 in
895 2642 1048 2709 oratione
1082 2641 1183 2707 utin

105 2773 208 2817 versu
227 2767 392 2815 numerus
416 2756 525 2824 extet,
556 2743 656 2831 idque
682 2745 773 2832 quod
797 2767 1014 2811 numerosum
1037 2743 1075 2808 in‘
1099 2765 1183 2807 ora-

106 2852 201 2917 tione
227 2849 349 2916 dicitur
367 2869 436 2913 non
453 2869 585 2936 semper
600 2870 744 2923 numero
763 2846 838 2928 fiat,
861 2848 917 2913 aed
935 2864 1181 2930 nonnunquam

87 2952 170 3017 'aut
198 2947 418 3017 concinnitate
449 2959 508 3014 aut
542 2948 785 3013 construetione
820 2949 1018 3016 verborum.
1075 2948 1124 3015 Ita
1152 2945 1247 3019 sinos

105 3074 272 3120 numerus
292 3050 451 3119 orationis
466 3048 640 3140 quaeritur
653 3049 710 3136 qui
728 3050 787 3129 sit,
810 3049 921 3116 omnis
938 3060 1004 3130 est,
1026 3048 1083 3113 sed
1099 3047 1183 3114 alius

103 3216 313 3233 ῃ

179 3328 242 3381 201.
277 3325 433 3376 ornamentis
447 3321 595 3391 orationis]
613 3338 670 3375 om.
684 3323 812 3374 orationis
825 3320 889 3374 sch.
906 3325 929 3376 1.

143 3398 236 3448 cadem
248 3395 324 3462 cum]
344 3396 432 3444 eadem
445 3397 511 3444 enim
524 3413 582 3444 cum
598 3394 665 3447 Ven.
680 3395 703 3445 1.
717 3390 794 3443 Med.
808 3390 872 3444 Tul.
887 3419 921 3430 -
936 3406 992 3442 om.
1012 3409 1069 3440 eum
1081 3387 1138 3441 vit.

180 3466 248 3532 Cap.
267 3465 312 3516 60.
343 3475 441 3531 partes.
457 3463 618 3525 Verborum]
638 3462 685 3512 sic
700 3460 826 3512 distinxit
839 3461 903 3513 Sch.
916 3460 1009 3513 On-
1020 3471 1110 3527 parm
1123 3476 1184 3508 uer·

108 3535 216 3594 borums
238 3531 341 3588 Ceteri.

177 3604 237 3656 202.
273 3599 471 3681 collocationis]
492 3599 678 3652 collocationes
691 3598 747 3652 Vit.
755 3600 806 3650 Dr.
814 3597 886 3678 Med.
894 3597 957 3648 Tul.
968 3594 1026 3648 Ald.
1041 3599 1064 3649 1.
1074 3592 1182 3664 Grypha
1240 3654 1242 3659 ¹

108 3672 271 3839 {titt}
283 3669 736 3811 emitterentur:
757 3668 921 3803 {titttt
934 3664 1182 3801 taff-,etue

105 3826 348 3944 numianus]
366 3888 422 3927 tum
446 3894 484 3929 er.
502 3875 567 3931 Sch.

143 3946 292 4014 audacius]
311 3948 453 3997 eudomius
468 3951 538 4003 Ven.
557 3949 581 4003 l.

109 4063 113 4070 ,
140 4019 273 4079 utuntur]
290 4027 395 4066 utentur
412 4013 467 4065 vit.
670 4074 673 4079 Ι

143 4089 413 4220 ζιαεζιιῖιτιιίιῖιὲοιῗΐ
422 4084 589 4220 ›iacietiziciii
602 4170 655 4203 non
666 4151 742 4203 modo
765 4147 831 4203 Scit.
845 4149 872 4202 2·

178 4221 241 4276 203.
277 4221 429 4288 emisset]
449 4225 531 4274 amnis
551 4221 657 4275 sistit.
917 4282 933 4348 I
957 4289 978 4349 2
