2692 5018
153 294 196 359 36
590 281 815 351 ORATOR

154 460 279 507 nomen
292 434 450 511 invenit.
489 447 523 503 et
544 437 738 506 Aristoteles
763 436 957 515 Isocratem,
970 433 1256 524 ipsumlacessi·

155 542 220 619 vit,
258 550 293 602 et
318 539 555 626 Xenophontis
584 561 667 621 voce
696 540 809 605 Musas
837 540 932 626 quasi
958 539 1094 603 locutas
1123 534 1256 619 ferunt,

151 653 186 706 et
213 641 315 724 longe
343 642 517 721 omnium,
558 639 765 728 quicumque
800 641 1009 731 scripserunt
1044 651 1112 705 out
1152 638 1256 705 locuti

151 752 249 822 sunt,
271 741 383 805 extitit
406 752 437 804 et
458 731 620 809 suavitate
642 753 677 808 et
694 743 861 828 gravitate
881 742 1038 834 princeps
1059 740 1189 823 Plato)
1206 750 1255 807 to-

154 866 235 909 men
259 844 385 908 horum
414 844 523 911 oratio
549 867 660 932 nequo
687 868 809 912 nervos
841 867 951 932 neque
975 843 1118 911 aculeos
1144 854 1255 911 orato-

100 959 136 1016 63
158 946 227 1011 rios
248 966 287 1009 ac
310 943 462 1012 forenses
493 947 603 1014 habet.
651 949 855 1036 Loquuntur
882 969 961 1014 cum
994 945 1131 1028 doctis,
1168 966 1253 1033 quo-

155 1068 232 1115 rum
255 1045 371 1111 sedare
393 1042 683 1117 animos'maluut
711 1075 813 1138 quam
833 1047 991 1127 incitare,
1020 1047 1099 1131 [Sic
1126 1047 1176 1111 de
1199 1069 1252 1114 re·

158 1153 218 1219 bus
240 1152 378 1240 placetis
398 1173 439 1225 oc
460 1149 599 1215 minima
626 1153 827 1218 turbulentis
856 1148 997 1217 docendi
1024 1171 1157 1228 causa,
1191 1171 1251 1214 noo

156 1253 309 1343 capiendi
330 1252 529 1338 loquuntur]
561 1251 655 1318 utin
678 1277 718 1318 eo
739 1255 831 1343 ipso,
870 1251 959 1338 quod
984 1249 1250 1317 delectationem

158 1354 471 1442 aliquamdicendo
495 1367 723 1441 aucupentur,
759 1357 836 1444 plus
856 1353 1028 1420 nonnullis
1051 1376 1168 1440 quam
1192 1374 1250 1418 ne·

159 1479 248 1523 cesse
277 1453 458 1527 sitlacere
486 1454 677 1523 videantur.
737 1457 826 1543 Ergo
855 1457 897 1521 ab
926 1456 991 1520 hoo
1019 1477 1160 1539 genere
1189 1478 1249 1520 non

159 1557 293 1625 difficile
314 1568 366 1622 est
387 1556 474 1621 hanc
496 1557 738 1640 eloquentiam,
759 1557 801 1621 de
822 1579 889 1642 quo
910 1578 1001 1622 nunc
1022 1556 1172 1641 agitur,
1203 1579 1249 1622 sa·

104 1676 140 1735 64
161 1681 311 1727 cernere.
354 1656 467 1724 Mollis
488 1669 536 1722 est
558 1657 647 1722 euim
669 1657 776 1724 oratio
804 1658 1087 1747 philosophorum
1117 1671 1155 1724 et
1182 1682 1248 1725 nm·

158 1761 305 1842 bratilis,
328 1785 390 1828 neo
410 1759 581 1826 sententiis
609 1782 672 1825 uec
694 1759 804 1827 verbis
824 1761 988 1828 instructa
1010 1763 1247 1848 popularibus,

157 1888 220 1932 neo
239 1864 354 1931 vincta
373 1865 532 1930 numeris
557 1862 617 1930 sed
639 1863 753 1930 ,soluta
788 1863 952 1947 liberius„
984 1863 1079 1955 Nihil
1115 1856 1248 1933 iratuni

159 2008 369 2026 m

193 2107 338 2154 Isocratem
353 2105 457 2171 ipsum]
491 2118 546 2155 om.
564 2103 649 2172 ipsum
664 2101 774 2154 Nonius
788 2119 814 2153 v.
831 2101 967 2161 lacessere.
1000 2105 1176 2158 Locmivit
1195 2107 1246 2159 Iso·

160 2182 266 2226 erstem
278 2172 408 2241 inprimis
424 2173 475 2223 illo
489 2188 585 2236 versu,
611 2189 693 2239 quem
713 2171 786 2235 opud
803 2173 918 2241 Quinct.
933 2174 986 2237 111,
1004 2179 1029 2237 1,
1047 2174 1093 2229 14.
1116 2175 1244 2243 legimus,

158 2240 276 2364 glozprilv
289 2242 401 2366 Ισιοίπρῖν
420 2241 467 2296 καὶ
485 2236 645 2311 Ἰσοκράτην
663 2238 713 2316 ἐᾴν
726 2240 821 2311 λέγειν.
847 2240 892 2297 Gi.
904 2241 965 2297 cte.
978 2241 1012 2294 de
1029 2243 1121 2301 Orat.
1136 2238 1243 2314 11111

187 2327 275 2363 uacu.
344 2350 351 2365 .

160 2349 448 2503 ΩΙΧειιορὶιῖηιίιξὶένοει
456 2379 563 2450 nsnsos]
584 2378 816 2450 XsnrffontisTul.
824 2404 858 2421 -
866 2399 954 2433 musos
966 2400 1027 2432 voce
1035 2379 1114 2434 Ven.
1125 2386 1154 2440 1.
1174 2380 1244 2437 Met

199 2483 207 2501 .
243 2451 313 2501 unx
334 2453 344 2503 1
364 2469 408 2503 θ’.

193 2450 364 2569 ethuwiiat’e
383 2530 406 2567 et
418 2519 556 2584 gravitate
573 2516 618 2587 μ]
642 2517 869 2584 Mas.ap.LsmI).
885 2525 914 2570 et
930 2518 1012 2571 Grut.
1023 2516 1135 2576 scm.
1154 2521 1244 2576 01.-

158 2589 250 2637 extitit
270 2598 295 2635 es
308 2589 442 2654 gravitate
455 2607 496 2653 pr.
517 2586 572 2636 Vlt.
590 2588 644 2641 Dr.
664 2586 814 2640 Ven·1.2.
833 2587 897 2639 Tul.
917 2588 978 2639 Ald.
999 2591 1021 2642 1.
1040 2582 1089 2641 Ju.
1110 2586 1164 2642 Cr.
1177 2591 1242 2642 Vici.

156 2656 237 2717 Mon.
261 2655 343 2711 Grut.
360 2682 392 2733 -J
407 2658 499 2704 extitit
514 2657 653 2722 gravitate
669 2657 721 2721 pri,
742 2655 866 2706 Med.—-
879 2659 970 2707 extitit
983 2668 1010 2706 tt
1030 2660 1120 2720 copia
1140 2660 1243 2711 dicendi

156 2722 1143 2867 1}tttlltillsstlfs{lllbf'ffillt{tt'ttttsstssgtillzfn}
1156 2739 1243 2851 ‘citt

156 2888 192 2898 -
207 2858 320 2911 Ernesti
334 2871 358 2909 es
371 2858 507 2928 intelligit
519 2863 610 2925 eriam,
629 2859 712 2930 quod,
731 2861 761 2912 ni
776 2861 955 2914 vehementer
966 2879 1038 2928 erro,
1056 2880 1075 2916 a
1093 2865 1242 2920 Ciceronis

156 2928 395 2998 antiquorumque
407 2929 602 2980 Romanorum
619 2929 819 2982 consuetudine
829 2929 979 2984 obhorret:
999 2949 1177 3002 quenquam
1190 2953 1243 2987 non

156 3013 246 3066 nego,
264 2991 312 3064 qui
326 3005 389 3064 post
402 2994 484 3050 illum
494 2998 613 3048 vixerint
624 3007 753 3050 auctores
762 2999 802 3052 ita
814 2999 886 3052 hanc
898 3016 1047 3070 usurpasse
1056 3005 1242 3068 portionalem.

158 3067 196 3118 cl.
212 3066 247 3117 de
259 3065 343 3118 divin.
357 3066 429 3131 Ι,36.
448 3069 501 3132 „Ae
515 3067 692 3117 Platonicum
709 3087 736 3118 sn
754 3071 828 3119 cunis
841 3068 952 3137 parvulo
969 3071 1123 3123 dormienti
1138 3076 1242 3142 apesin

157 3134 262 3186 labellis
280 3138 472 3199 consedissent,
490 3154 639 3200 responsum
654 3148 709 3201 est,
727 3137 860 3205 singulari
872 3137 948 3190 illum
961 3142 1139 3194 suavitas
1149 3165 1164 3196 e
1187 3160 1241 3196 ora·

157 3201 320 3271 tionissore.
339 3206 378 3254 ito
387 3203 491 3274 fictura
506 3203 652 3272 eloquentia
665 3208 691 3254 in
707 3204 813 3274 insonte
822 3208 1006 3273 prouisoest.“

188 3286 279 3325 tamen
294 3273 384 3323 horum
397 3276 502 3336 orosio]
524 3285 610 3322 {anien
623 3272 708 3324 lorum
719 3277 804 3325 oratio
822 3275 909 3327 Meu·

189 3341 295 3393 ocrcleos
310 3343 458 3408 oratorios]
477 3344 590 3393 oratoris
606 3336 672 3396 Ven.
686 3344 713 3397 2.
731 3338 796 3400 Tul.
809 3370 842 3385 ·-
857 3359 913 3398 om.
928 3340 1044 3399 aculeos.
1062 3344 1127 3404 Dr.

178 3411 323 3479 forenses]
333 3409 456 3479 forensis
470 3412 545 3462 Crat.

221 3481 263 3534 63.
297 3478 547 3546 sio-loquuntur]
572 3479 647 3530 Haec
661 3479 833 3545 interpolata
847 3478 952 3534 iudico.
987 3479 1154 3539 Addiderat
1169 3487 1240 3543 enim

152 3545 272 3615 aliquis,
298 3559 330 3599 ut
349 3547 530 3615 restringeret
551 3549 695 3599 Ciceronis
718 3549 803 3601 verba
833 3553 926 3600 sedare
952 3550 1056 3602 molunt
1080 3557 1240 3626 philosophi

153 3634 233 3681 quom
256 3619 384 3680 incitare,
409 3615 495 3668 haec:
515 3619 539 3666 si
562 3619 594 3666 de
613 3619 688 3667 rebus
700 3617 818 3684 ploratis
832 3638 866 3669 oc
881 3621 987 3668 minime
1001 3621 1173 3674 turbulentis
1193 3630 1239 3677 do-

83 3699 86 3705 '
153 3686 230 3734 cendi
246 3702 329 3735 consa
348 3705 397 3736 non
420 3687 543 3753 cupiendi
558 3684 704 3752 loquuntur»
724 3703 789 3739 nam
810 3687 851 3740 alo
873 3686 997 3755 primum
1014 3697 1077 3739 erat
1093 3694 1238 3762 scriptum

152 3751 309 3821 glossema,
342 3753 416 3821 quod
438 3764 502 3820 post
521 3753 556 3803 sb
578 3753 655 3810 editt.
670 3755 744 3807 vsrie
766 3756 937 3809 molebatur.
973 3755 1119 3812 Cohaeret
1143 3774 1238 3816 auten

151 3821 296 3890 aptissime
315 3825 475 3876 membrum
490 3823 660 3893 praecedens
673 3841 737 3875 cum
751 3825 886 3894 sequenti.
906 3825 970 3879 Om.
986 3824 1055 3877 hseo
1071 3828 1136 3883 duo
1152 3833 1244 3889 rerba¹

151 3894 234 3941 siret
251 3889 465 3958 loquuntur'Gn.
484 3896 508 3948 1.
534 3891 597 3945 Sch.
612 3894 638 3946 2·
658 3895 682 3942 si
699 3895 730 3942 cte
743 3895 792 3948 Dr.
813 3893 880 3945 Van·
901 3898 925 3957 l,
949 3894 1015 3946 Tul.
1026 3893 1094 3964 fide
1124 3901 1236 3959 Volui,

150 3958 232 4012 Mon.
250 3962 275 4009 si
288 3961 391 4027 quidem
404 3959 437 4009 sle
449 3963 492 4015 Ju.
507 3964 531 4014 2.
552 3961 598 4014 Cr.
614 3959 723 4028 Gryph.
737 3960 760 4016 1.
778 3962 811 4013 L.
830 3965 877 4014 sed
887 3965 919 4015 sie
931 3964 1010 4016 Man.
1205 3984 1209 3992 ·

218 4024 261 4081 64.
298 4038 323 4076 et
338 4030 507 4097 umbratilis]
527 4047 583 4082 our.
599 4043 623 4079 et
641 4032 707 4081 Van.
724 4036 747 4084 1.

180 4095 372 4162 popularibus]
390 4098 526 4165 popularis
541 4099 596 4154 Gu.
615 4102 638 4152 1.
656 4104 682 4152 2.
701 4101 768 4153 Ven.
784 4101 808 4154 1.
824 4101 851 4154 2.
869 4099 1099 4159 Med.'1'nl.D1-.

181 4165 292 4229 vinoso]
311 4164 364 4216 vit.
376 4165 431 4218 Gu.
450 4171 473 4222 1.
492 4168 589 4220 Lamb.
607 4168 673 4220 Ern.
688 4167 752 4219 Scis.
765 4167 820 4227 Or.
838 4171 968 4222 -s'uncto
979 4171 1083 4224 Ceteri.
1105 4175 1146 4231 ef.
1154 4175 1235 4246 §.42

179 4232 250 4285 nihil
261 4235 376 4296 iratum]
395 4237 551 4288 noandum
566 4238 633 4290 Vsu.
648 4239 674 4291 2.
691 4236 756 4290 'rut
