2692 5018
217 278 280 345 114
464 324 469 330 .
501 325 504 331 .
535 267 538 271 ’
670 260 896 334 ORATOR

218 423 360 494 summis
383 418 539 487 laudibus
565 415 699 499 ierunt,
727 415 816 504 quod
844 415 957 482 verbis
987 415 1104 483 soiutis
1134 428 1298 482 numeros

219 526 349 616 primus
375 520 574 587 adiunxerit.
633 519 722 585 Cum
761 519 853 584 enim
881 519 1011 586 videret
1037 529 1186 585 oratores
1218 532 1301 585 cunt

219 625 399 693 severitate
426 621 554 702 audiri,
599 621 716 708 po'e'tas
746 632 859 686 autem
891 643 969 686 cum
996 621 1185 706 voluptate,
1224 631 1301 686 tum

221 727 346 794 dicitur
366 746 526 791 numeros
548 735 697 796 secutus,
727 723 848 809 quibus
866 723 967 788 etiam
988 721 1025 786 in
1047 721 1200 786 oratione
1221 738 1302 787 ute-

220 849 358 911 ramnr,
387 848 467 891 cum
496 824 711 916 iucunditatis
736 837 929 891 causatum
954 835 994 888 ut
1012 825 1155 889 varietas
1177 846 1302 889 occur·-

159 941 313 1001 175rsrat
342 926 495 993 satietati.
558 926 662 1015 Quod
690 927 732 992 ab
758 929 815 994 ¹his
844 950 923 992 vern
953 925 1100 1014 quadam
1130 946 1174 989 ex
1202 936 1302 1007 parts

222 1054 292 1097 non
313 1041 423 1095 totum
445 1027 577 1094 dicitur.
628 1027 714 1093 Nam
736 1028 907 1093 neminem
928 1027 965 1092 in
986 1050 1025 1091 eo
1046 1047 1169 1110 genere
1190 1027 1301 1093 scien*

219 1134 288 1200 tius
315 1141 490 1198 versatum
517 1129 664 1195 Isocrate
693 1129 922 1196 confitendum
944 1142 1011 1211 eat,
1046 1129 1104 1194 sed
1141 1129 1301 1218 princeps

166 1274 169 1280 ·
218 1233 416 1302 inveniendi
436 1231 503 1297 fuit
522 1232 814 1320 Thrasymachus,
837 1233 931 1296 cuius
945 1232 1059 1296 omnia
1079 1230 1180 1296 nimis
1195 1231 1300 1297 etiam

222 1347 340 1403 extant
366 1335 495 1422 scripta
522 1356 715 1399 numerose.
772 1334 860 1400 Nam
889 1333 944 1420 (ut
974 1335 1076 1420 paulo
1106 1345 1186 1398 ante
1214 1333 1301 1413 dixi)

221 1437 318 1525 paria
340 1437 478 1526 paribus
492 1436 650 1503 adiuncta
672 1448 705 1501 et
725 1436 879 1502 similiter
897 1435 1033 1502 definita
1048 1436 1196 1522 itemque
1215 1459 1303 1502 con-

221 1537 330 1606 trariis
356 1539 464 1604 relata
491 1540 672 1619 contraria,
701 1560 789 1623 quas
818 1558 880 1603 aua
909 1549 1046 1624 sponte,
1080 1539 1181 1604 etiam
1209 1539 1239 1603 si
1261 1539 1298 1603 id

221 1664 292 1708 non
313 1662 409 1726 agas,
431 1640 555 1705 cadunt
575 1641 775 1726 plerumque
791 1657 985 1719 numerosa,
1008 1639 1150 1727 Gorgias
1164 1638 1296 1726 primus

221 1743 371 1821 invenit,
400 1745 459 1810 sed
486 1742 539 1809 his
569 1755 618 1808 est
638 1762 721 1808 nana
741 1743 1005 1832 intemperatius.
1050 1744 1087 1809 Id
1109 1755 1225 1808 autam
1247 1754 1299 1807 sat

222 1867 328 1934 genus
358 1848 410 1931 (ut
439 1857 516 1911 ante
544 1844 669 1911 dictum
696 1847 759 1928 est)
783 1866 825 1910 ax
847 1843 955 1909 tribua
976 1844 1132 1932 partibus
1149 1845 1300 1912 colloca-

225 2044 434 2060 μ

224 2184 276 2236 iroc
290 2185 319 2236 in
331 2185 387 2235 eius
404 2185 568 2235 orationibus
580 2185 687 2236 summis
707 2183 833 2236 laudibus
846 2182 943 2253 serunt
959 2185 1059 2241 Lamb.
1076 2184 1106 2239 in
1128 2185 1214 2240 notis.
1240 2192 1292 2242 In-

225 2253 325 2321 telligo
332 2252 430 2322 serunt
446 2254 577 2320 tradunt,
595 2262 712 2324 putant,
731 2267 914 2323 enumerant,
938 2255 1047 2309 dieunt.
1068 2270 1071 2276 ·

260 2323 375 2390 videret]
394 2324 489 2373 viderit
506 2323 561 2378 Vii.

260 2390 409 2529 uteremurd
423 2401 557 2442 uterentur
565 2392 793 2448 Vnt—uteretur
804 2392 859 2445 Gn.
872 2393 898 2448 3.
912 2392 1008 2462 steph.
1025 2393 1057 2447 L.
1072 2408 1106 2446 ao
1119 2394 1217 2447 Rufin.
1238 2395 1258 2446 1.

225 2477 254 2530 p.
269 2462 347 2514 2720.
413 2475 464 2512 use
474 2461 497 2512 si
511 2460 596 2512 lectio
609 2473 722 2511 uteretur
739 2478 805 2513 vers
820 2470 903 2527 esset,
923 2463 1022 2514 Cicero
1036 2464 1216 2532 scripsisset:
1236 2465 1291 2533 pui-

227 2532 274 2581 bus
289 2533 317 2580 iu
333 2533 452 2580 oratione
467 2541 583 2580 uteretur
597 2546 656 2581 non
670 2532 762 2598 quibus
775 2533 823 2582 eti
833 2549 883 2580 am
901 2533 928 2581 in
944 2535 1063 2582 oratione
1082 2545 1209 2583 uteretur.
1232 2541 1291 2584 tum

227 2597 304 2651 anim
319 2601 482 2666 portatam
496 2614 552 2650 non
568 2598 685 2652 haberat
707 2600 744 2651 ad
759 2600 836 2670 quod
854 2599 1014 2654 referratnr.
1041 2601 1144 2652 Sensus
1165 2610 1224 2652 est:
1241 2619 1291 2652 nn-

226 2682 321 2719 meros
333 2667 459 2719 invenire
473 2666 618 2734 studebat,
636 2667 684 2736 qui
704 2683 761 2720 non
781 2669 873 2722 solnm
893 2669 923 2720 in
944 2670 1023 2738 poesi
1043 2670 1092 2720 sed
1112 2668 1142 2721 in
1164 2669 1290 2722 oratione

228 2737 315 2788 stiam
331 2745 446 2804 possent
460 2734 595 2788 adhiberi.
630 2737 768 2789 isocrates
786 2755 850 2790 vero
869 2756 929 2791 nnn
949 2739 983 2790 da
1006 2738 1117 2808 seipso
1140 2739 1183 2792 sic
1203 2739 1292 2792 dicere

227 2813 349 2874 poterat.
366 2805 465 2873 poesin
484 2805 558 2855 enim
573 2821 717 2872 nunquam
730 2807 871 2877 attigerat·

264 2892 323 2925 eum
335 2873 526 2942 iucunditatis]
545 2887 599 2924 tum
613 2875 667 2927 vit.
680 2876 776 2930 Rufin.
794 2894 839 2946 ap.
854 2873 926 2929 Pith.
940 2894 968 2946 p.
985 2877 1045 2932 817.
1064 2875 1129 2930 sch.
1148 2905 1183 2916 —
1203 2876 1292 2929 iocun-

228 2939 397 2993 dissentit.

299 3011 356 3066 175.
393 3011 508 3079 quadam
519 3012 661 3080 exparte]
680 3015 783 3082 quidem
796 3033 829 3064 ex
844 3026 921 3082 porte
935 3013 1031 3068 Rufin.

263 3081 292 3131 in
304 3100 333 3130 eo
345 3098 439 3150 genere
457 3079 519 3148 aci]
539 3084 662 3132 scientius
677 3085 704 3132 in
718 3103 746 3134 eo
757 3102 852 3152 genere
867 3086 897 3136 L.
913 3113 949 3123 -
961 3102 1023 3135 nam
1037 3084 1066 3134 in
1082 3098 1110 3135 eo
1123 3102 1223 3154 genere
1237 3086 1290 3137 sri-

230 3152 315 3200 entius
331 3160 463 3199 versatum
475 3152 616 3201 Isocratem
629 3151 695 3204 Ruf.

264 3220 429 3282 inveniendi]
449 3221 599 3269 inveniendo
614 3219 670 3273 Vit.

263 3290 344 3338 nimis
359 3287 459 3353 etiam]
479 3305 534 3340 om·
553 3290 633 3338 etiam
645 3287 712 3342 Ruf.
725 3318 760 3329 —
772 3289 850 3351 nimis
862 3299 956 3341 extant
975 3291 1056 3341 etiam
1068 3289 1121 3344 Dr.

203 3368 208 3376 ’
265 3361 415 3421 numerose]
433 3376 569 3407 numerosa
584 3360 635 3413 Dr.
661 3359 729 3412 Ven.
748 3364 771 3413 l.

266 3443 342 3488 nom,
362 3425 411 3491 ut]
428 3445 478 3475 non
498 3438 526 3475 ut
540 3425 595 3482 Vit.

267 3493 395 3562 definita]
409 3492 493 3558 finito
508 3493 569 3546 Atd.
586 3498 611 3550 2.
631 3495 667 3547 ci.
683 3497 709 3564 5.
727 3497 770 3550 65.
789 3521 824 3536 -
840 3496 964 3548 similiter
975 3508 1091 3547 extrema
1106 3493 1242 3563 &finiunt

265 3564 378 3632 itemque
399 3564 558 3630 centrariis]
583 3569 646 3617 item
667 3567 808 3615 contrariis
827 3565 932 3631 prolato
954 3567 1090 3616 contrario
1108 3584 1225 3635 pisasque
1245 3583 1293 3616 sua

231 3643 336 3700 sponte,
353 3633 419 3681 siisi
430 3651 480 3682 non
494 3651 575 3697 agas,
599 3637 697 3684 andiunt
710 3633 869 3702 pierumque.
903 3638 1028 3687 Numeros
1052 3636 1169 3703 Gorgias
1191 3636 1297 3702 primus

229 3702 335 3756 invenit.
353 3698 419 3751 Ruf.
435 3718 480 3769 ap.
495 3702 607 3754 Pntsch.
623 3732 658 3741 —
675 3704 773 3753 eadunt
787 3704 937 3774 pierumque
955 3722 1087 3755 numerose
1110 3703 1229 3773 Gorgias
1249 3707 1292 3754 in-

230 3772 302 3820 uenit
314 3773 360 3818 secl
372 3769 414 3821 itis
430 3778 484 3824 etc.
501 3771 566 3823 Rui.
583 3789 627 3840 sp.
641 3770 714 3826 Pith.
938 3820 940 3828 Α

267 3839 312 3887 secl
325 3838 367 3886 isia
379 3852 418 3889 est
431 3846 511 3904 usus]
530 3843 576 3889 ant
591 3845 625 3891 iia
641 3853 680 3890 ert
695 3843 744 3892 Dr.
759 3871 795 3880 —
808 3843 838 3892 id
851 3843 886 3907 iis
901 3853 940 3893 est
954 3839 1029 3894 Med.
1038 3869 1072 3881 -
1086 3841 1115 3891 id
1128 3842 1152 3892 is
1165 3851 1206 3892 est
1220 3845 1290 3898 Ven-

232 3904 258 3959 1·
274 3907 299 3960 2.
312 3902 375 3957 Tul.
390 3936 424 3947 ·-·
440 3912 464 3957 is
478 3920 517 3958 ens
531 3909 585 3961 vit.
601 3917 629 3961 et
644 3909 709 3963 Rui.

265 3976 482 4043 intemperatius]
501 3978 557 4032 vit.
574 3980 790 4046 intemperantius
800 3977 901 4031 Ceteri.

268 4044 416 4113 inaurem]
434 4048 502 4096 idem
518 4060 604 4097 nutem
619 4048 674 4099 vit.
685 4050 737 4101 Dr.
752 4049 819 4099 Ven.
836 4050 860 4101 1.
872 4050 897 4102 2.
910 4046 989 4099 Med.
999 4046 1065 4100 Tul.

266 4130 300 4160 ex
311 4114 394 4163 tribus
404 4117 525 4186 partibus
540 4117 742 4181 collocationis]
755 4117 912 4168 collocatio
925 4118 1000 4168 enim
1010 4115 1147 4170 orationis
1164 4114 1292 4186 primum

228 4180 372 4248 postulat,
392 4192 424 4234 ut
439 4193 645 4253 componantur
657 4186 741 4238 verbs
755 4184 864 4237 ratione
876 4188 885 4252 (
896 4185 919 4254 i.
945 4187 1028 4253 164),
1054 4186 1157 4238 deinde
1179 4196 1212 4239 at
1228 4186 1293 4238 fini·

226 4257 312 4302 antur
326 4259 391 4320 apta
405 4251 513 4323 (ibit),
530 4262 672 4324 postremo
689 4263 884 4310 utnumeross
899 4254 950 4309 fiat
959 4257 1058 4311 oratio.
1076 4255 1118 4326 (ἕ.
1131 4256 1202 4323 168.)
