2692 5018
148 329 152 335 .
216 280 279 348 122
652 264 877 341 ORATOR

214 429 290 495 fuss
318 424 442 497 oratio.
473 443 603 488 necesse
635 433 685 486 εει
712 420 747 489 id
768 443 837 488 non
858 419 1034 489 literarum
1056 413 1209 487 accidere
1228 443 1294 487 na·

214 542 311 601 tura,
334 528 389 593 sed
413 525 671 591 intervallorum
692 525 872 608 longorum
887 535 921 589 et
936 524 1092 591 brevium
1109 523 1289 592 varietate:

216 632 339 720 quibus
368 628 538 714 implicate
572 638 674 712 atque
700 626 861 715 permista
889 626 996 691 oratio
1024 625 1183 710 quonium
1214 638 1292 696 tum

214 732 340 799 stabilis
363 743 413 796 εει
435 741 507 794 tum
529 729 701 809 volubilis,
723 751 857 794 necesse
879 741 928 794 εει
947 727 1112 794 eiusmodi
1133 739 1292 795 naturam

216 834 366 900 numeris
388 831 564 897 contineri.
606 829 691 897 Nam
709 830 866 897 circuitus
887 831 961 908 ille,
984 852 1084 914 quem
1101 833 1293 916 scepeiam

213 934 374 1014 diximus,
430 933 597 998 incitatior
636 955 778 998 numero
822 933 895 1020 ipso
941 931 1048 996 fertur
1083 943 1118 996 et
1152 933 1292 1009 labitur,

214 1036 324 1122 quoad
346 1036 521 1123 perveniet
550 1034 592 1098 ad
621 1033 726 1099 finem
756 1046 790 1099 ει
817 1033 953 1099 insistat.
996 1034 1215 1121 Perspicuum
1241 1049 1292 1101 εει

211 1137 332 1225 igitur,
356 1135 504 1205 numeris
525 1135 694 1204 astrictam
717 1137 904 1204 orationem
922 1157 993 1200 esse
1013 1135 1152 1219 debore,
1175 1160 1293 1203 carere

212 1242 371 1310 versibus.

150 1361 202 1418 188
299 1343 365 1409 Sed
391 1340 427 1407 bi
455 1340 588 1407 numeri
616 1340 782 1428 poeticine
811 1341 891 1422 sint,
928 1361 972 1407 an
1000 1361 1043 1406 ex
1070 1340 1136 1407 alio
1165 1364 1293 1429 genere

142 1484 144 1489 ⁴
214 1440 379 1536 quodam,
401 1443 558 1531 deinceps
580 1456 629 1508 εει
650 1443 846 1512 videndum.
888 1443 1007 1511 Nullus
1030 1454 1078 1506 est
1098 1444 1200 1529 igitur
1222 1470 1293 1510 nu.

214 1570 329 1616 merus
362 1559 460 1611 extre
489 1545 656 1635 poeticos,
695 1559 877 1635 propterea
910 1545 1001 1630 quod
1040 1545 1175 1614 definite
1207 1561 1289 1614 eunt

213 1671 337 1736 genera
366 1669 596 1727 numerorum.
639 1648 726 1716 Num
749 1648 857 1714 omnis
882 1649 955 1715 talis
980 1658 1049 1728 est,
1080 1660 1117 1714 ut
1138 1672 1223 1716 unus
1245 1651 1289 1730 sit

214 1776 233 1818 ε
255 1752 372 1816 tribus.
414 1753 476 1813 Pes
499 1749 605 1833 enim,
634 1750 692 1836 qui
714 1750 893 1815 adhibetur
914 1749 956 1812 ad
979 1774 1153 1833 numeros,
1181 1754 1290 1840 parti-

214 1855 329 1919 turin
358 1852 442 1937 tria,
470 1865 508 1917 ut
535 1874 665 1917 necesse
692 1850 736 1917 sit
759 1864 891 1941 partem
919 1852 1015 1940 pedis
1036 1862 1093 1918 aut
1114 1857 1292 1942 aequalem

218 1985 427 1999 m

220 2059 282 2095 voc.
298 2039 440 2108 collatura,
459 2037 524 2109 quie
537 2039 624 2092 semel
636 2041 865 2110 tentumlegatur
876 2040 906 2096 in
920 2040 1072 2096 Cicerones
1091 2041 1168 2112 quod
1181 2042 1207 2095 si
1222 2043 1292 2096 baec

223 2112 297 2164 ratic
313 2112 432 2174 valeret,
449 2108 539 2161 multe
552 2125 618 2160 sene
631 2127 664 2161 ex
676 2118 776 2163 nostro
793 2109 867 2162 libro
884 2111 1020 2163 elicienda
1036 2120 1124 2164 essent
1140 2112 1290 2164 vocabula.

258 2183 288 2230 id
296 2201 344 2229 non
353 2179 370 2230 l.
380 2177 507 2245 accidere]
516 2196 572 2229 om·
580 2181 609 2230 id
624 2179 679 2232 vit.
687 2205 720 2220 ·-
728 2182 850 2231 accedere
861 2192 956 2230 stature
969 2181 1024 2233 Vit.
1032 2184 1084 2233 Dr.
1090 2181 1157 2232 Ven.
1166 2184 1190 2233 l.
1207 2182 1288 2234 Med.

224 2274 257 2289 -
271 2251 391 2298 accidere
402 2261 515 2298 staturae
532 2249 602 2300 Ven.
621 2250 648 2302 2.
667 2247 731 2302 Tul.
743 2250 905 2302 -acciderc
924 2261 1027 2301 tautum
1043 2262 1141 2302 natura
1148 2250 1179 2302 L.
1193 2249 1291 2321 Stepb.¹

255 2317 413 2386 implicata]
434 2315 564 2384 implicita
580 2315 658 2369 Med.

252 2387 400 2456 permista]
417 2387 549 2450 permixta
567 2386 634 2439 Vett.
651 2389 676 2442 l.
689 2383 724 2439 L·
738 2385 790 2442 Or.

254 2458 377 2520 quostiam
393 2454 464 2522 tum]
493 2457 584 2523 quibus
605 2457 743 2524 implicata
760 2467 840 2524 atque
855 2457 980 2520 permista
997 2457 1083 2507 oratio
1101 2467 1155 2508 tum
1180 2457 1287 2510 stabilis

219 2537 258 2577 εει
270 2537 325 2575 tum
338 2523 468 2577 volubilis.
503 2528 597 2594 Itaque
611 2537 764 2575 necessust
779 2533 833 2578 etc.
850 2525 917 2575 Ern.
932 2525 1035 2591 suspic.
1047 2555 1081 2564 —
1094 2529 1189 2594 quibus
1204 2531 1298 2595 impii,

221 2607 287 2648 catu
300 2606 380 2662 utque
390 2594 518 2660 permista
532 2595 648 2645 orations
662 2595 786 2662 queniam
800 2604 855 2650 tum
871 2602 924 2649 etc.
939 2593 1041 2646 Schell.
1060 2595 1143 2648 Obss.
1159 2613 1186 2663 p.
1200 2597 1242 2650 37.
1256 2626 1287 2636 -

221 2682 323 2713 necesse
342 2673 381 2711 est
402 2664 529 2711 eiusmodi
549 2664 701 2712 varietatem
721 2665 836 2713 numeris
855 2666 984 2712 contineri
1009 2663 1074 2716 Scb.
1093 2667 1119 2720 2.
1143 2692 1177 2703 -
1198 2667 1289 2733 quibus

219 2731 294 2799 impl.
309 2743 389 2799 atque
402 2751 429 2798 p.
444 2733 529 2781 aratio
543 2742 598 2779 tum
611 2730 717 2781 stabilis
731 2743 771 2780 εει
791 2743 845 2779 tum
864 2732 1006 2797 volubilis,
1032 2735 1155 2798 quostiam
1172 2753 1229 2788 nec.
1252 2746 1289 2784 εει

223 2809 276 2850 ειε.
293 2800 392 2851 0r.··
407 2801 534 2849 eiusmodi
556 2810 585 2847 ut
600 2811 725 2849 naturam
745 2800 799 2851 Gn.
818 2799 845 2854 3.
875 2800 977 2851 Sensus
992 2808 1048 2854 est:
1073 2803 1205 2853 Numeris
1226 2819 1290 2854 cum

224 2867 389 2934 implicetur
403 2867 510 2932 cretio,
535 2876 582 2918 aut
598 2867 706 2919 stabilis
725 2868 759 2920 fit
778 2877 828 2919 sut
847 2868 986 2925 volubilis,
1012 2886 1094 2922 ceuss
1117 2885 1186 2938 ergo
1207 2870 1289 2922 husius

222 2947 339 2987 staturae
351 2937 488 2988 cretionis
504 2946 569 2986 suut
582 2938 711 3005 numeri,
727 2935 785 3006 vel,
804 2953 889 2990 ceusu
904 2938 1044 2991 tarditatis
1066 2947 1116 2991 sut
1138 2940 1290 2994 celeritatis

222 3007 356 3058 orationis
373 3015 439 3055 sunt
458 3005 578 3056 numeri.

256 3078 384 3125 circuitus
398 3075 460 3143 ille]
481 3092 536 3126 om.
553 3073 598 3124 ille
617 3076 686 3130 Ven.
699 3077 724 3130 2,
987 3126 992 3133 ,

245 3142 341 3214 sertus
356 3155 381 3193 ct
398 3142 513 3212 labitur]
533 3145 608 3194 Haec
623 3143 678 3195 duo
694 3143 780 3196 verba
796 3161 854 3196 non
873 3142 1160 3215 diversapsignilicent
1178 3161 1290 3216 genere.

254 3212 295 3265 uel
307 3215 447 3265 incitatior
458 3232 563 3264 numero
578 3213 734 3285 ipsoscrtur
748 3213 791 3269 vel
804 3217 908 3267 tordius
925 3213 1033 3268 labitur.
1047 3214 1111 3271 sch.
1125 3217 1151 3277 2,

254 3285 363 3351 quoad]
384 3285 452 3352 quod
463 3283 536 3338 vtct.

255 3355 385 3418 insistat]
403 3359 483 3403 sistat
498 3358 559 3403 Vct.

293 3423 350 3475 188.
385 3420 414 3469 ti
431 3419 544 3488 nurnert]
564 3422 589 3471 εἰ
603 3422 704 3471 numeri
718 3419 774 3474 vit.
787 3422 856 3475 Ven.
880 3424 905 3478 1.
919 3423 946 3476 2·
965 3421 1042 3475 Med.
1059 3421 1124 3477 Tul.

259 3482 298 3543 sit
314 3489 470 3558 uidendum]
489 3507 546 3542 om.
566 3502 604 3540 εει
618 3492 696 3545 Man.

255 3561 375 3626 partitur
388 3561 415 3610 in
428 3559 501 3627 triu]
520 3561 639 3626 partitur
653 3559 729 3611 valet
746 3561 881 3613 dividitur.
896 3561 997 3628 partiri
1020 3559 1048 3621 lt,
1067 3559 1086 3613 l.
1105 3559 1213 3629 passive
1231 3563 1291 3632 sig-

222 3629 401 3693 nificatione,
421 3634 452 3679 ut
464 3628 537 3698 epod
551 3628 726 3698 sistiquiores
738 3631 841 3697 partire
853 3628 929 3680 baud
949 3645 1013 3685 rure
1035 3630 1167 3683 occurrit.
1190 3633 1290 3700 Pomp.

224 3700 257 3750 C.
273 3701 302 3750 A.
317 3699 353 3751 D.
367 3716 394 3765 p.
409 3697 470 3752 310.
508 3703 627 3766 „Tamen
641 3711 689 3764 pru
706 3699 819 3748 arbitrio
836 3710 880 3748 tuo
894 3701 1108 3766 quemadmodum
1122 3700 1236 3752 volueris
1253 3704 1293 3752 di-

222 3787 278 3818 csre
291 3780 382 3833 pates:
406 3769 526 3835 Tenues,
545 3769 668 3830 toudcor;
689 3773 765 3832 Ζιιυο,
781 3765 873 3830 lauert
884 3766 1014 3836 fabrico,
1024 3765 1169 3837 fabricam
1187 3789 1292 3821 munero

222 3835 797 3904 illusisstmuocrurillum‚portiuctpartior.
824 3837 1036 3887 Provincias
1058 3839 1149 3887 inter
1164 3857 1292 3906 separ-

219 3907 277 3956 siv
289 3922 371 3955 eran
382 3906 421 3956 t.“
441 3907 531 3974 Quem
540 3905 678 3956 locumub
687 3904 794 3955 editore
806 3921 862 3955 non
871 3913 1011 3970 repertum
1026 3904 1172 3959 Ciceronis
1185 3923 1254 3972 esse,
1263 3925 1294 3958 ex

156 4035 158 4040 ⁴
214 3972 337 4027 Muluio
347 3975 440 4025 Probo
454 3993 482 4042 p.
497 3975 564 4031 1483
578 3975 639 4026 Fut.
653 3981 784 4042 apparet,
804 3973 852 4025 uhi
863 3972 938 4024 idem
953 3972 1049 4028 vocab.
1060 3977 1227 4044 pertinerent
1245 3977 1295 4028 Ci-

224 4043 324 4097 ceroni
336 4042 471 4096 tribuitur
487 4042 662 4098 nominatim.
682 4071 715 4082 -
728 4043 846 4111 partitur
862 4044 899 4091 ad
914 4044 968 4095 tria
983 4042 1059 4098 Crst.
1075 4071 1108 4085 —
1122 4059 1180 4097 cm.
1196 4047 1226 4097 in
1239 4049 1295 4098 ota

224 4111 326 4166 Psiatt.
341 4114 367 4169 2.
381 4110 471 4165 Scbir.
482 4143 516 4153 -
528 4114 716 4182 puniturus,
734 4123 763 4161 ut
776 4109 840 4162 Scb.
857 4112 883 4167 2.

259 4193 306 4233 cut
321 4181 458 4247 aequalem
466 4183 550 4235 ‚alteri
556 4186 568 4246 ]
586 4181 641 4233 Vit.
657 4181 725 4233 Ern.
740 4179 805 4233 sch.
822 4179 873 4231 Or.
893 4191 997 4233 -aut
1021 4180 1158 4249 aequalem
1179 4202 1236 4239 csse
1249 4182 1296 4236 al-

224 4254 277 4305 teri
289 4249 400 4308 Ceteri·
