2656 5018
310 204 374 332 dD
409 264 643 333 MARCUM
676 266 910 335 BRUTUM.
1111 279 1151 342 tt

67 420 246 514 praecepta
268 422 380 510 pauca
400 430 491 488 sunt.
547 419 678 487 Traditi
703 432 797 502 sunt,
836 419 1004 506 equibus
1026 442 1065 488 ea
1087 422 1157 489 du-·

69 538 200 605 cantur,
223 522 382 611 duplices
403 521 488 588 loci:
510 521 570 587 uni
592 546 612 586 e
631 523 734 591 rebus
755 524 856 611 ipsis,
878 523 977 591 alteri
999 523 1149 592 assumti.

68 625 240 696 Tractatio
261 623 368 710 igitur
388 644 505 689 rerum
527 623 626 690 efficit
647 626 933 692 admirabiliorem
950 625 1148 698 orationem.

59 731 140 800 Nem
161 727 266 817 ipsae
289 725 427 811 quidem
448 746 501 790 res
523 725 559 790 in
579 728 731 817 perfacili
753 727 940 813 cognitione
959 740 1147 800 versantur.

58 831 156 922 Quid
182 828 281 895 'enim
310 825 379 892 iam
400 825 568 912 sequitur,
602 831 692 916 quod
720 829 855 916 quidem
886 829 969 895 artis
989 830 1051 912 sit,
1084 831 1146 899 nisi
1202 835 1212 881 Γ

55 935 163 1001 ordiri
197 928 414 1004 orationem,
458 926 494 993 in
522 952 588 1017 quo
616 944 675 999 aut
704 930 900 998 concilietur
927 932 1064 1000 auditor
1084 944 1145 1002 aut

56 1035 213 1121 erigatur
234 1041 298 1097 aut
318 1041 418 1120 paret
437 1052 473 1094 se
494 1030 535 1096 ad
558 1031 773 1110 discendnm3
809 1055 881 1099 rem
912 1032 1059 1101 breviter
1079 1057 1144 1102 ex-

57 1158 193 1224 ponere
214 1145 246 1199 et
265 1131 488 1219 probabiliter
509 1144 544 1198 et
562 1146 696 1220 aperte,
730 1147 787 1216 ut,
818 1132 898 1221 quid
920 1146 1053 1220 agatur,
1084 1135 1142 1202 in-

63 1236 169 1322 telligi
189 1237 310 1325 possita
335 1257 398 1299 sua
419 1232 639 1312 confirmare,
661 1233 852 1304 adversaria
874 1248 1057 1318 evertere3-
1082 1260 1158 1309 εει,

67 1361 137 1429 qne
155 1337 285 1404 efficere
314 1358 385 1401 non
408 1338 606 1423 perturbate
634 1338 691 1403 sed
715 1337 850 1426 singulis
872 1339 1147 1425 argumentatio-⁴

61 1441 161 1508 nibus
180 1439 230 1507 ita
251 1437 505 1519 concludentis,
527 1454 564 1508 ut
586 1440 749 1508 alliciatur
769 1440 858 1527 quod
877 1440 920 1506 ait
936 1462 1141 1527 consequens

58 1543 112 1624 iis,
147 1566 237 1633 quae
258 1551 440 1608 sumentur
472 1544 513 1608 ad
548 1565 719 1630 quamque
745 1564 819 1607 rem
853 1540 1141 1623 confirmandam
1198 1546 1207 1593 ἶ

56 1659 132 1730 post
151 1645 271 1712 omnia
284 1641 534 1732 perorationem
550 1645 819 1711 inflammantem
837 1643 1141 1730 restinguentemve

58 1746 284 1816 concludere?
331 1744 402 1810 Has
432 1757 542 1833 partas
570 1744 855 1833 quemadmodum
878 1755 1000 1811 tractet
1019 1747 1141 1833 singu·

59 1852 127 1927 las,
149 1847 281 1914 difficile
302 1846 396 1913 dictu
419 1860 470 1911 est
486 1847 551 1914 hoc
572 1850 664 1914 locor
686 1870 750 1912 neo
771 1846 862 1913 enim
884 1869 1018 1936 semper
1045 1859 1143 1912 1ιίιο-Ι

62 1963 181 2019 tantur
200 1973 268 2017 uno
288 1949 405 2016 modo.
450 1948 621 2036 Quoniam
647 1961 761 2016 autem
785 1971 974 2037 nonquam
997 1949 1135 2015 doceam
1148 1957 1201 2013 123

61 2076 200 2142 quaero,
222 2051 283 2119 sed
304 2074 408 2136 quem
430 2052 587 2138 probem:
608 2052 758 2141 probabo
779 2050 930 2139 primurn
953 2072 1043 2130 eum,
1066 2050 1142 2135 qui,·

55 2157 136 2244 quid
159 2157 295 2231 deceat,
316 2153 452 2219 videbit.
494 2154 584 2220 Haec
610 2153 701 2220 enim
721 2151 883 2241 sapientia
905 2151 1052 2217 maxime
1073 2149 1137 2217 ad-

24 2314 25 2318 ,
53 2257 210 2325 hibenda
231 2253 398 2340 eloquenti
420 2267 485 2337 est,
506 2271 546 2322 ut
566 2256 611 2323 sit
631 2268 823 2344 temporum
847 2275 1136 2342 personarumque

55 2361 269 2428 moderator.
308 2358 388 2425 Nam
410 2380 473 2423 nec
494 2380 628 2447 semper
649 2379 710 2423 aec
731 2357 820 2446 apud
836 2379 952 2422 omnes
974 2379 1135 2421 neccon·

55 2475 114 2529 tra
136 2481 260 2526 omnes
285 2483 344 2525 nec
368 2482 430 2549 pro
451 2460 608 2526 omnibus
628 2483 691 2526 nec
712 2457 867 2524 omnibus
888 2458 1005 2523 eodem
1029 2457 1132 2522 modo

54 2563 243 2632 dicendum
264 2559 416 2631 arbitror.
458 2562 489 2629 ls
518 2562 582 2630 erit
610 2581 689 2648 ergo
719 2559 891 2648 eloquens,
928 2557 986 2646 qui
1016 2556 1058 2623 ad
1087 2555 1132 2638 id,
1154 2568 1196 2634 86

68 2815 193 2928 ‘cuaeth
201 2801 328 2871 vadia]
349 2818 442 2872 perseo
459 2803 563 2854 tradita
583 2812 644 2853 auat
659 2820 674 2853 e
693 2800 787 2871 quibua
806 2803 939 2853 durantur
960 2797 1046 2851 Patet.
1063 2796 1089 2851 1.
1105 2796 1132 2852 2.

56 2875 102 2928 Sta
120 2874 150 2930 h.
1135 2885 1138 2893 ·

90 2893 159 3007 tici]
174 2937 288 2995 Noniae
300 2935 411 3002 minei:
431 2934 572 2992 Ducentur
588 2936 708 3008 duplices
720 2936 791 3006 loci,
814 2942 861 2992 uni
876 2940 951 2992 redae
958 2937 1031 3005 ¹ipsis
1051 2932 1133 2987 alteri

62 3013 190 3064 amaretis.
215 3007 473 3079 (stupuerunt.)

94 3081 175 3148 ipeie]
192 3081 247 3147 ipei
259 3079 341 3131 Men.

92 3145 333 3215 admirabiliorem]
352 3145 538 3205 mirabiliorem
551 3144 657 3207 Soluss.
673 3173 708 3187 -
720 3143 903 3197 admirabilem
921 3143 976 3198 Gu.
991 3141 1017 3196 3.
1035 3138 1132 3195 Seni.

58 3217 107 3272 Or.
147 3216 289 3271 Tractatio
314 3230 411 3268 rmnm
435 3213 524 3267 elficit
545 3213 787 3268 admirabiliorem
807 3211 964 3266 oraticnem
987 3225 1072 3281 quam
1091 3226 1132 3259 m

54 3289 144 3356 ipsae,
162 3284 280 3357 quaein
293 3283 424 3353 perfacili
439 3282 598 3352 cognitione
612 3292 767 3338 versantur.
1163 3300 1167 3309 ·

85 3368 134 3408 atat
144 3365 226 3426 paret
240 3351 285 3420 ee]
304 3365 335 3421 ut
346 3364 424 3422 paret
439 3373 466 3404 ee
477 3353 545 3408 Em.
559 3352 650 3404 Scbir·

84 3427 123 3477 ad
133 3420 308 3489 discendum]
327 3423 466 3474 dicendum
479 3422 532 3480 Dr.
546 3423 615 3475 Van.
630 3423 656 3477 l·
668 3423 696 3478 2·
714 3420 791 3476 Med.
803 3421 867 3477 Tul.

84 3493 200 3564 aperte]
218 3496 281 3560 apte
294 3491 351 3546 Gn.
361 3490 389 3545 8.
654 3518 656 3525 ’

86 3561 208 3646 agatur]
226 3569 295 3677 αἰαὶ
305 3560 387 3616 Mon.
651 3608 655 3613 .

86 3635 121 3683 ire
138 3628 227 3702 quae]
266 3629 291 3678 ie
304 3627 360 3683 vit.
376 3628 446 3684 Ven.
465 3630 489 3685 l·
502 3630 529 3684 2.
547 3627 624 3682 Med.
637 3630 703 3683 Tul.

84 3696 299 3769 perorationem]
323 3700 535 3768 perorationem
556 3698 626 3755 01¹.
646 3701 671 3755 1.
699 3699 776 3754 Mea.
792 3726 826 3739 -
846 3694 1012 3767 peroratione
1029 3692 1132 3746 animoa
1182 3727 1184 3731 «

57 3769 263 3838 inflammantem
274 3765 341 3820 Sclr.

90 3836 341 3906 restinguentemve]
361 3835 590 3905 reetringentemve
604 3835 659 3892 Gu.
670 3835 696 3890 3.

123 4043 182 4100 128.
220 4045 345 4111 quoniam
359 4039 461 4110 autem]
481 4042 604 4110 quoniam
617 4043 686 4094 etaim
698 4043 762 4099 Vct.

92 4131 146 4162 eum
161 4113 223 4180 qui,
243 4112 324 4181 qaid]
345 4130 404 4163 eum
417 4113 541 4180 quiequid
555 4112 636 4164 Mon.

95 4181 210 4248 uidebit]
235 4181 333 4233 viderit
348 4182 402 4234 Gu.
418 4181 445 4235 3.

128 4253 196 4322 cap·
213 4251 258 4308 36·
297 4253 342 4320 qud
356 4253 393 4303 ad
406 4250 453 4319 did]
472 4266 529 4304 ome
541 4251 571 4304 da
583 4249 655 4305 Mssd·
673 4249 720 4302 cro
840 4250 842 4255 Ι
