2692 5018
207 324 269 388 us
442 333 445 340 ·
637 303 860 376 ustrou

209 491 319 537 unum
341 465 519 554 selegimus
550 466 616 530 hoo
641 463 732 550 quod
761 461 797 526 in
826 457 932 524 esusis
955 457 1096 545 foroque
1116 465 1283 534 vereatur,

211 576 254 638 de
276 593 343 657 quo
365 569 562 634 diceremus.
605 565 693 650 Ergo
714 564 747 628 in
771 559 861 640 aliis,
892 562 922 626 id
942 574 1009 636 est,
1032 563 1065 626 in
1089 558 1230 625 historia
1253 567 1283 620 et

210 676 247 740 in
269 695 309 738 eo
336 671 425 757 quod
457 669 662 756 appellamus
697 663 913 734 ἐπιδεικτικὸν
939 668 1048 752 ptsost
1076 662 1191 728 omnis
1219 658 1288 724 dici

211 779 379 844 Isocrateo
414 771 722 861 Theopompeoque
754 789 849 834 more
885 768 942 835 ills
978 764 1289 852 circumscriptione

213 877 427 961 ambituque,
462 885 499 938 ut
526 885 685 960 tanquam
714 871 750 935 iu
779 872 862 935 orbs
883 869 1011 934 inclusa
1031 879 1144 933 currat
1165 865 1289 944 oratio,

215 977 326 1067 quoad
354 973 484 1041 insistat
514 963 553 1041 in
573 975 708 1060 siugulis
730 971 885 1059 perfectis
907 972 1129 1058 absolutisque
1150 980 1292 1034 senten·

151 1088 203 1144 208
219 1079 281 1145 tiis.
336 1080 452 1163 Itaque
474 1089 687 1167 posteaquam
716 1086 763 1145 eat
795 1087 872 1139 nata
893 1074 976 1140 haee
997 1075 1052 1139 vel
1073 1070 1291 1139 circumseri-

214 1180 287 1268 ptio
316 1181 371 1244 vel
400 1178 655 1266 comprehensio
679 1179 732 1244 vel
754 1177 958 1244 continuatio
988 1179 1042 1242 vei
1064 1175 1229 1253 ambitus,
1262 1173 1292 1238 si

214 1284 262 1350 ita
288 1282 365 1348 licet
391 1280 515 1361 dicere,
559 1302 678 1361 uerno,
716 1278 775 1365 qui
811 1279 922 1367 aliquo
951 1293 1036 1346 esset
1064 1279 1101 1343 in
1129 1299 1289 1355 numero,

215 1383 347 1472 scripsit
368 1383 555 1449 orationem
571 1381 702 1470 generis
718 1382 805 1462 eius,
826 1383 913 1467 quod
929 1395 1011 1446 esset
1036 1381 1077 1446 sd
1096 1380 1296 1446 delectatio·

216 1506 292 1552 nem
316 1497 548 1573 comparatum
569 1495 838 1568 remotumquea
860 1484 989 1550 iudiciis
1008 1483 1200 1568 forensique
1211 1502 1293 1545 oer-

216 1584 360 1668 tamine,
382 1586 465 1673 quin
486 1588 654 1674 redigeret
676 1608 790 1651 omnes
816 1584 888 1652 sere
915 1586 951 1652 in
974 1585 1141 1673 quadrum
1163 1605 1291 1647 nume-

216 1713 363 1775 rumque
384 1689 577 1754 sententias.
627 1689 714 1756 Nem
736 1698 819 1754 oum·
836 1689 863 1754 is
885 1699 934 1754 est
961 1688 1113 1768 auditor,
1140 1687 1292 1771 quinon

217 1804 395 1872 vereatur,
424 1812 468 1856 ne
496 1791 702 1878 compositae
722 1790 881 1873 orationis
902 1790 1029 1855 insidiis
1051 1814 1111 1858 sua
1132 1790 1216 1856 fides
1239 1802 1294 1853 at*

218 1906 386 1968 tentetur,
408 1891 549 1980 gratiam
572 1915 707 1979 quoque
721 1892 820 1957 hebet
835 1894 961 1958 oratori
976 1893 1143 1979 voluptati
1156 1891 1295 1958 aurium

157 1995 389 2067 bacernensi.
433 1995 545 2062 Genus
567 2006 681 2061 autem
705 1995 768 2060 hoe
792 1995 954 2061 orationis
976 2016 1085 2082 neque
1106 2005 1215 2059 totum
1238 2015 1296 2057 as-

159 2108 211 2162 209
223 2097 425 2166 sumendum
454 2110 503 2163 est
528 2096 570 2162 ad
598 2117 712 2161 causas
734 2096 883 2163 forenses
902 2119 1011 2184 neque
1029 2096 1166 2163 omniuo
1187 2119 1295 2184 repu-

222 2197 400 2268 diandumr
421 2198 448 2263 si
471 2198 561 2264 euim
584 2218 716 2286 semper
737 2213 854 2278 utare,
877 2221 954 2265 cum
976 2200 1160 2265 satietatem
1180 2198 1295 2278 affert,

221 2313 293 2367 turn
319 2301 416 2388 quale
437 2299 480 2364 sit
509 2301 606 2366 etiam
630 2303 672 2366 ab
695 2301 855 2388 imperitis
887 2298 1089 2389 agnoscitur.
1139 2300 1297 2368 Detrahit

222 2415 396 2491 praeterea
430 2403 569 2468 actionis
597 2405 766 2483 dolorem,
802 2401 914 2470 aufert
943 2404 1132 2470 humanum
1159 2425 1297 2470 sensum

223 2507 358 2585 actoris,
382 2505 468 2570 tollit
491 2504 642 2572 funditus
665 2507 841 2571 veritatem
867 2518 899 2571 et
922 2506 1034 2574 fidem.

308 2607 392 2681 Sed.
415 2607 574 2692 quoniam
594 2607 783 2676 adhibenda
797 2628 1042 2696 nonnunquam
1055 2619 1120 2696 est,
1142 2608 1297 2698 primum

223 2710 406 2776 videndum
437 2719 506 2788 est‚⁴
531 2731 600 2794 quo
628 2710 722 2783 locu,
757 2712 876 2777 deinde
904 2735 1005 2803 quam
1035 2713 1093 2780 diu
1123 2712 1299 2777 retinenda

223 2811 287 2890 sit,
317 2822 389 2878 tum
419 2819 502 2895 quot
522 2809 629 2876 modis
650 2815 895 2881 commutanda.
938 2815 1138 2885 Adhibenda
1159 2827 1211 2883 est
1232 2815 1299 2903 igi·

227 3025 434 3044 W

263 3168 312 3218 hoe
326 3162 411 3238 quod]
430 3167 478 3218 hoc
491 3169 592 3236 quidem
610 3177 638 3220 tre
660 3174 749 3226 eousie
767 3173 835 3232 Ven.
854 3178 879 3236 1,
893 3177 920 3239 2,
933 3202 967 3217 -
989 3177 1038 3233 hoe
1057 3179 1161 3248 quidem
1181 3179 1255 3249 quod
1274 3181 1303 3234 in

229 3238 307 3294 Med.
324 3236 402 3292 sldd.
415 3238 458 3289 Ju.
478 3237 541 3292 Tul.
552 3239 584 3291 L.

270 3306 437 3373 diveremum]
458 3308 572 3357 dicemus
590 3307 657 3360 Ven.
673 3313 697 3366 1.
710 3313 736 3365 2.
752 3311 830 3365 Med.
845 3311 909 3364 Tul.
924 3341 960 3352 -
971 3314 1116 3365 dixerimus
1129 3315 1187 3370 νὴ.

265 3380 294 3427 ιἰι
307 3375 436 3442 historio]
458 3375 571 3443 Quinct.
586 3378 684 3442 1X.4,
703 3381 761 3436 129.
787 3383 929 3448 „Historia
941 3400 990 3433 non
1006 3395 1062 3432 tam
1073 3383 1169 3450 finitos
1182 3404 1303 3436 numeros

232 3463 311 3513 quom
326 3446 410 3493 orbem
432 3448 560 3513 quendum
580 3459 778 3518 contextumque
798 3453 938 3502 desideret.
989 3455 1109 3521 Namque
1137 3458 1227 3505 omnio
1248 3459 1304 3506 eius

228 3515 347 3564 *essentne
371 3531 489 3563 eonnexo
506 3525 582 3578 eunt,
607 3520 729 3583 quonium
743 3518 846 3570 lubrico
863 3531 902 3572 eet
921 3539 956 3570 oe·
966 3521 1051 3591 fluit,
1070 3523 1239 3575 artemis«,
1260 3524 1304 3590 qui

232 3585 351 3635 monibus
364 3583 474 3631 inuicem
486 3584 653 3650 apprehensis
665 3590 779 3648 gradum
787 3587 911 3658 firmant,
928 3594 1060 3642 contineret
1072 3603 1097 3643 et
1106 3596 1304 3646 continentur.“

266 3645 465 3718 ὶπιδεικτικόν]
485 3652 643 3717 epidicticon
663 3656 727 3711 Tul.

301 3722 360 3774 208.
395 3721 441 3787 qui
455 3718 639 3791 aliquoesert]
665 3738 702 3773 err
722 3727 772 3780 Dr.

213 3823 215 3826 ψ
268 3792 304 3839 od
319 3789 532 3856 delectationem]
552 3795 589 3840 od
603 3793 770 3845 delet-tionem
782 3796 834 3848 Dr·

302 3858 369 3926 Cap.
388 3859 430 3910 62.
466 3861 526 3912 209.
561 3862 659 3930 totum]
679 3865 852 3922 out.Ald.2.
871 3896 899 3908 -
917 3879 973 3920 tum
984 3868 1037 3924 Dr.

268 3923 562 3992 offert]qffer1urDr.
626 3924 633 3938 ’

267 3996 412 4063 ruraquote
423 3996 460 4044 eit
477 3998 575 4063 eriam]
594 4009 648 4048 tum
661 4002 743 4052 eriam
757 4003 835 4070 qrcole
848 4009 885 4056 er't
898 4006 939 4058 L.·

268 4065 428 4126 demonum]
447 4064 578 4116 hominum
592 4067 635 4120 Ju.
653 4073 676 4123 l.

269 4133 419 4184 adhibendo
437 4159 453 4172 ·
470 4135 609 4186 retinenda
630 4165 647 4179 ·
666 4141 865 4210 commutando]
898 4143 1074 4197 adhibendum
1098 4175 1110 4187 ·
1125 4147 1304 4198 retinendum·

238 4204 448 4254 commutandum
461 4202 494 4254 L.
512 4231 546 4242 -
563 4208 699 4260 retinendo
713 4221 751 4259 ear
762 4209 817 4262 Vit.
832 4215 856 4268 1.
866 4228 902 4267 m.

269 4273 406 4324 videndum
424 4270 481 4344 est]
501 4287 557 4327 om.
571 4286 610 4325 eet
625 4291 681 4346 mg„
698 4279 771 4335 1578.
