2692 5018
316 254 383 322 AD
418 253 644 325 MARCUM
680 255 915 331 BRUTUM.
1044 324 1047 328 ,
1084 268 1147 333 129

66 416 171 493 atque
198 404 320 474 humili
351 429 507 476 sumone
532 406 702 476 dicuntur.
744 410 855 478 Paean
874 421 988 478 autem
1009 411 1045 478 in
1066 437 1143 481 am·
1157 431 1209 490 197

64 507 252 599 plioribuse
279 511 316 576 in
344 523 492 597 utroquo
512 508 673 600 dactylus.
722 512 772 578 Ita
792 511 830 577 in
851 512 944 579 varia
966 526 1001 581 et
1021 538 1145 605 perpe·
1225 554 1233 569 ·

64 625 127 678 tua
149 609 302 677 oratione
324 611 360 678 hi
388 623 466 677 sunt
492 611 583 678 inter
609 635 645 677 sa
667 611 827 678 miscendi
858 625 891 678 et
921 618 1141 704 temperandi.

63 713 119 780 sia
146 711 288 779 minime
325 712 615 780 animadvertetur
643 712 871 790 delectationis
900 719 1077 805 aucupium
1108 732 1144 787 et

67 814 287 902 quadrandae
315 814 475 881 orationis
502 815 689 884 industria:
721 838 808 904 quac
829 816 944 884 latebit
964 843 1004 885 eo
1025 825 1140 909 magis,

62 918 93 984 si
124 929 158 983 et
186 916 372 984 verborum
409 927 444 982 et
477 916 716 984 sententiarum
752 918 957 1002 ponderibus
991 933 1142 992 utemur.

61 1019 151 1086 Nam
180 1018 239 1103 qui
268 1018 411 1084 audiunt
438 1017 521 1084 liaeo
549 1018 618 1083 duo
648 1018 919 1095 animadvertunt
941 1033 974 1086 et
994 1022 1142 1092 iucunda

62 1118 127 1184 sibi
141 1129 293 1199 censent,
315 1118 422 1184 verba
439 1119 511 1186 dico
525 1133 558 1186 et
572 1119 773 1201 sententias,
796 1143 903 1208 eaque
922 1122 1003 1189 dum
1020 1125 1141 1193 animis

62 1219 197 1287 attentis
222 1219 427 1285 admirantes
449 1221 642 1310 excipiunt,
674 1220 837 1307 fagineos
859 1234 892 1288 et
913 1228 1141 1312 praetervolat

60 1344 238 1388 numerus:
268 1321 326 1408 qui
357 1334 469 1387 tamen
497 1324 525 1389 si
551 1324 696 1400 abesset,
724 1322 782 1386 illa
803 1323 874 1409 ipsa
892 1325 1004 1390 minus
1026 1326 1138 1393 delec-

62 1434 184 1495 tarent.
203 1493 206 1500 ,
226 1423 297 1490 Nec
325 1446 410 1490 vero
437 1423 466 1491 is
489 1448 607 1492 cursus
634 1436 683 1490 est
709 1445 948 1508 numerorum,
978 1427 1200 1496 orationis198

62 1525 151 1601 dico,
176 1529 270 1607 (nam
292 1537 342 1593 est
362 1527 462 1612 longe
483 1525 581 1591 aliter
593 1525 630 1590 in
643 1524 808 1606 versibus)
826 1527 912 1593 nihil
932 1539 970 1595 ut
993 1528 1053 1594 fiat
1075 1553 1139 1597 ex-

59 1635 116 1691 tra
136 1626 299 1709 modum„
336 1651 416 1695 nam
444 1627 478 1693 id
501 1627 634 1713 quidem
657 1639 742 1694 esset
760 1650 898 1717 poema3
936 1630 995 1698 sed
1028 1633 1138 1700 omnis

58 1747 127 1791 neo
149 1726 334 1796 claudicans
355 1753 418 1797 nec
439 1729 532 1816 quasi
545 1730 709 1796 fluctuans
732 1740 765 1794 et
785 1731 965 1817 aequaliter
986 1747 1138 1802 constan.

59 1843 183 1916 terque
203 1832 392 1920 ingrediens
420 1853 603 1898 numerosa
631 1831 774 1897 habetur
805 1834 924 1902 oratio.
968 1837 1081 1925 Atque
1100 1836 1136 1905 id

133 2175 194 2231 197.
229 2177 272 2227 ito
284 2175 313 2226 in
325 2174 421 2245 uario]
447 2175 539 2242 itaque
555 2173 584 2224 in
596 2192 619 2225 v.
635 2172 723 2227 Rufin
738 2191 765 2245 p.
774 2173 852 2232 2724.
862 2174 926 2232 Put.

95 2245 167 2296 inter
180 2263 208 2295 ee
222 2248 366 2310 miscendi]
385 2244 580 2295 intermine-eracli
598 2242 650 2298 Dr.

96 2314 337 2382 animadvertetur]
364 2316 451 2364 animo
472 2314 622 2362 advertetur
641 2314 708 2364 Ven.
729 2314 753 2367 l·
768 2315 794 2366 2.
812 2341 848 2356 -
863 2312 951 2365 animo
976 2312 1129 2367 adterim-

61 2392 107 2432 tar
120 2381 185 2435 Tul.
201 2410 238 2422 -
255 2384 508 2434 «animadverteretur
530 2379 609 2434 Med.

93 2449 293 2518 delectationis]
314 2450 467 2502 delectionis
478 2449 529 2500 Dr.

95 2520 289 2589 quadrandae]
307 2521 437 2587 quadrato
453 2515 508 2568 vit.

93 2588 273 2656 admirantes]
293 2590 459 2638 admirantur
475 2585 610 2654 excipiunt
626 2586 683 2643 Vit.

90 2660 117 2707 ei
129 2659 249 2720 abesset]
269 2658 340 2707 obest
352 2660 420 2710 Vett.
435 2657 460 2710 1.
474 2654 551 2710 Med.
676 2716 680 2722 .
948 2708 950 2713 .

91 2725 144 2777 illa
158 2727 219 2796 ipsa
232 2728 318 2776 ninus
334 2726 511 2792 delectarent]
530 2723 577 2776 Sic
592 2722 692 2794 scripsi
706 2723 908 2778 sententiarum
930 2723 1038 2777 rotiana
1055 2739 1133 2777 cotn-

57 2803 162 2847 mctus.
180 2803 245 2846 unte
260 2793 420 2845 delectarent
436 2792 651 2845 casuexciderat
665 2795 759 2861 minae,
774 2793 850 2862 quod
862 2793 1002 2848 alihrerio
1012 2793 1040 2844 in
1056 2811 1132 2846 mar·

58 2863 126 2929 gine
133 2862 209 2915 iuxta
217 2864 411 2982 positumpost
420 2861 454 2913 ab
464 2861 520 2914 alio
530 2861 646 2914 librario
654 2879 712 2913 non
725 2861 971 2916 iniustumlocum
984 2860 1131 2917 redactum

59 2941 122 2994 eet,
141 2947 239 3000 nempe
252 2931 329 2982 inter
342 2933 350 2981 i
365 2930 406 2983 itt:
425 2951 473 2982 nec
485 2949 543 2982 vero
559 2933 644 2983 minut
658 2933 683 2982 ie
697 2950 787 2990 curtus
801 2946 855 2998 est,
878 2933 928 2984 uhi
949 2934 1035 2984 minue
1056 2931 1132 2984 mulo

58 3014 90 3049 se
107 2998 199 3050 habet.
216 3000 321 3052 indicat
332 3015 399 3050 vero
414 2999 700 3064 coanhelantem,
719 2999 814 3053 deesse
827 3002 911 3052 minae
924 2999 954 3052 in
974 2998 1129 3052 hocloco:

59 3083 129 3119 nam
143 3068 167 3118 si
179 3071 263 3119 minae
274 3086 332 3120 non
346 3067 504 3135 scripsisset
523 3068 640 3133 Cicero,
660 3067 790 3120 dixisset:
820 3072 866 3137 pai
891 3077 938 3120 etl
944 3071 1034 3119 amri
1055 3069 1131 3119 abea-

54 3148 110 3202 εει,
127 3136 179 3188 illa
191 3138 250 3204 ipsa
263 3138 432 3190 delectarent.
468 3138 533 3188 Non
545 3136 772 3189 animadvertunt
782 3154 943 3202 numerum,
956 3136 1004 3206 qui
1017 3137 1047 3189 in
1062 3152 1130 3187 ver-

52 3205 100 3258 bis
117 3205 246 3258 occultus
262 3214 319 3257 est:
336 3215 447 3271 tamen,
465 3205 489 3257 si
501 3221 566 3257 vere
581 3205 705 3274 abesset,
721 3205 815 3259 minus
834 3207 888 3275 ipsi
906 3206 997 3258 verbis
1019 3214 1131 3257 senten·

52 3275 160 3343 tiisque
175 3275 355 3343 amplissimis
371 3275 584 3327 delectarentur.
629 3275 762 3343 Quamvis
780 3275 856 3326 enim
879 3290 975 3326 errares
997 3289 1132 3337 provecte

53 3344 220 3411 sententiae,
234 3352 341 3408 tamen,
359 3343 382 3394 si
396 3343 550 3396 inconditis
563 3343 655 3395 verbis
678 3345 847 3409 efferuntur,
873 3344 1020 3396 offendunt
1038 3358 1131 3398 aurat.

51 3412 166 3464 Eodem
187 3411 274 3465 modo
298 3428 445 3465 correxere
474 3413 572 3465 locum
595 3412 750 3481 Purgoldus
771 3423 801 3466 et
823 3412 935 3466 Schiitz.
964 3428 1021 3464 om.
1045 3413 1132 3463 minae

54 3481 206 3600 Ceppptpm
219 3551 243 3600 ie
259 3569 349 3600 curcua
364 3552 422 3615 eet]
438 3548 567 3618 Expunxi
582 3549 681 3602 vocab.
701 3557 785 3600 minae
805 3536 876 3616 [rina
898 3565 963 3603 cum
980 3547 1044 3602 Sch.
1061 3548 1128 3618 On]

52 3617 131 3688 quod
147 3618 251 3686 legitur
262 3618 292 3670 in
307 3617 362 3672 vit.
377 3618 427 3669 Dr.
442 3621 512 3671 Van.
529 3621 591 3674 1.2.
606 3618 683 3672 Med.
696 3619 761 3672 Tul.
781 3620 852 3674 Cdd.
872 3621 960 3684 liepg.
982 3646 1015 3657 -
1039 3618 1131 3686 quod-

54 3688 177 3755 quantit
199 3695 409 3769 commutarunt
428 3686 460 3768 in
479 3690 591 3769 nimius:
610 3707 657 3738 nee
672 3707 730 3738 aero
747 3693 843 3740 nimine
864 3692 887 3738 ie
906 3685 992 3771 md·
1017 3687 1061 3742 lu.
1082 3687 1129 3739 Cr.

50 3756 234 3879 {lllpIprulli-rptz
237 3757 367 3877 1?qu
368 3775 614 3877 rapagrppelppnpurtue
635 3768 691 3808 ceto
708 3757 808 3814 Lamlr.
828 3781 863 3799 -·
882 3758 924 3810 lut
945 3775 1037 3808 curtus
1059 3759 1129 3847 Ven.

88 3895 240 4030 :eiqepuaatplippar
273 3893 451 4028 iissiitdin
465 3958 530 4014 Sch.
546 3959 597 4014 Or.
605 3960 726 4029 improb.
742 3959 869 4041 Frotsoh.
884 3959 919 4014 ad
930 3959 1046 4030 Quinti..
1059 3962 1092 4024 Χ,
1104 3963 1129 4027 1,

50 4030 238 4168 &affinio
251 4032 338 4083 modo
354 4031 398 4084 vel
412 4047 532 4084 numero
550 4029 595 4084 vel
619 4041 719 4085 tenore
734 4030 871 4086 orationis
889 4030 1004 4102 proprie
1024 4030 1130 4084 dicitur

83 4169 430 4307 iiii‘llliliil'iilzt.
448 4239 472 4292 t.
484 4239 510 4292 a
528 4235 602 4293 nea.
617 4237 682 4291 nn.

903 4308 919 4372 1
