2692 5018
216 275 260 337 20
648 257 869 332 ORATOR

216 421 252 487 iu
270 419 384 486 ltaliae
403 419 478 484 luce
499 417 723 504 cognosceris,
746 418 956 504 versarisque
977 418 1013 484 in
1027 417 1248 504 optimorum
1265 419 1309 484 ci-

216 523 313 591 vium
335 528 393 588 vel
406 521 490 586 flore
504 521 560 584 vel
573 519 705 586 robore.
750 522 820 586 lam
838 533 1002 606 quantum
1021 520 1103 585 illud
1121 531 1192 600 est,
1217 523 1308 606 quod

215 626 255 693 in
270 625 434 691 'maximis
464 621 737 710 occupationibus
771 645 947 710 nunquam
972 621 1174 689 intermittis
1199 625 1309 690 studia

217 729 404 796 doctrinae!
446 747 582 813 semper
601 735 658 790 aut
678 724 750 813 ipse
767 725 881 792 scribis
895 725 1034 812 aliquid,
1055 735 1115 791 aut
1127 747 1193 789 me
1211 747 1307 799 vocas

72 889 76 894 Α
161 831 196 890 35
217 834 258 900 ad
274 828 503 898 scribendum!
546 828 662 912 Itaque
686 828 841 894 hocsum
855 848 1029 914 aggressus
1044 826 1161 893 statim
1177 827 1307 895 Catone

217 935 387 1002 absoluto:
411 953 512 1018 quem
531 927 642 1016 ipsum
663 951 840 1016 nunquam
858 930 1042 1016 attigissem
1069 941 1238 1020 tempora
1266 933 1306 998 ti·

216 1017 312 1104 mens
328 1037 458 1102 inimica
475 1030 602 1110 virtuti,
630 1032 694 1097 nisi
711 1032 771 1097 tibi
785 1033 933 1099 hortanti
948 1044 983 1099 et
996 1032 1085 1098 illius
1098 1033 1306 1101 memoriam

215 1140 302 1208 mihi
331 1161 444 1205 caram
468 1133 628 1202 excitanti
656 1157 725 1200 non
757 1157 877 1223 parere
899 1134 993 1199 nefas
1017 1157 1086 1201 esse
1113 1137 1304 1228 duxissem.

215 1241 280 1308 Sed
297 1238 475 1318 testificor,
499 1258 554 1300 me
568 1259 588 1301 a
603 1247 637 1300 te
653 1247 804 1322 rogatum
822 1248 853 1302 et
880 1248 1090 1302 recusantem
1113 1237 1207 1305 haec
1222 1243 1304 1307 scri-

215 1345 297 1408 bere
312 1365 384 1407 csse
398 1361 527 1405 ausum.
571 1339 658 1406 Volo
681 1339 773 1404 enim
792 1339 876 1404 mibi
897 1349 1008 1403 tecum
1030 1361 1305 1417 communesne

215 1446 355 1522 crimen,
377 1453 425 1516 ut,
448 1444 475 1505 si
489 1439 650 1506 sustinere
667 1452 798 1506 tantam
813 1441 1042 1526 quaestionem
1058 1463 1128 1507 non
1147 1457 1303 1534 potuero,

213 1546 330 1615 iniusti
349 1543 459 1610 oneris
476 1541 624 1631 impositi
642 1554 700 1608 tua
719 1544 818 1628 culpa
837 1544 898 1624 ait,
921 1566 994 1609 mea
1016 1546 1160 1632 recepti.
1185 1547 1227 1613 in
1245 1571 1303 1637 quo

213 1663 329 1717 tamen
349 1645 461 1713 iudicii
480 1646 586 1713 nostri
604 1667 755 1715 errorem
774 1649 848 1714 laus
865 1646 927 1713 tibi
946 1646 1015 1714 clati
1027 1649 1188 1715 muneris
1212 1674 1303 1718 com·

214 1749 372 1843 pensabit.
603 1808 606 1812 .
674 1804 679 1813 .

152 1867 190 1932 11
299 1853 365 1922 Sed
387 1849 533 1917 inomni
556 1872 595 1914 re
617 1850 851 1918 difficillimum
874 1861 939 1933 est,
976 1849 1124 1921 formam
1153 1859 1232 1944 (qui
1256 1884 1301 1945 za·

160 1953 196 2009 36
216 1953 341 2042 pusulo
367 1955 494 2020 Graece
516 1953 649 2036 dicitur)
673 1978 841 2041 exponere
853 1957 986 2044 optimi:
1009 1959 1097 2044 quod
1118 1962 1222 2028 aliud
1239 1960 1301 2028 aliit

215 2058 352 2126 videtur
373 2057 550 2144 optimum.
601 2057 713 2122 Ennio
733 2057 898 2137 delector,
929 2060 977 2125 eit
996 2059 1190 2148 quispiam,
1216 2061 1299 2150 quod

214 2185 285 2228 non
301 2158 476 2225 discedite
496 2159 668 2223 communi
687 2182 783 2224 more
807 2160 1010 2228 verborum:
1048 2167 1231 2248 Pacuvio,
1252 2167 1298 2232 iu·

214 2264 288 2352 quit
319 2263 423 2334 alius;
460 2281 575 2324 omnes
602 2258 691 2348 apud
713 2261 804 2326 bunc
827 2263 937 2328 ornati
963 2265 1205 2350 elaboratique
1229 2280 1296 2334 suot

179 2409 182 2415 -
213 2386 349 2445 versus,
384 2363 491 2428 multa
522 2361 612 2448 apud
635 2364 779 2430 alterum
805 2365 1032 2451 negligentius.
1099 2368 1175 2435 Fac
1198 2371 1293 2436 aliun

212 2467 313 2533 Attio.
355 2464 451 2531 varia
471 2463 564 2529 enim
588 2465 804 2530 suntiudioia
830 2478 870 2531 ut
894 2471 930 2534 in
948 2469 1104 2542 Graecis.
1129 2493 1202 2536 nec
1221 2471 1292 2537 faci·

211 2569 252 2634 lis
266 2568 463 2656 explicatio,
487 2589 573 2654 quae
594 2566 706 2632 forma
724 2568 873 2634 maxime
895 2571 1044 2638 excellat.
1094 2570 1135 2637 ln
1157 2572 1292 2660 picturis

211 2746 419 2766 *uun—-

246 2862 305 2904 cum
319 2841 458 2964 inhItaltac
473 2842 541 2912 luce]
557 2858 614 2898 om.
625 2843 654 2894 in
667 2839 736 2897 Van·
748 2845 774 2900 2.
788 2843 860 2899 Kob.
873 2870 908 2889 ··
921 2853 1005 2899 turem
1017 2845 1074 2900 vit.
1085 2849 1138 2901 Dr.
1147 2877 1192 2890 ·-
1200 2868 1288 2924 eogno-

209 2914 343 2964 ccerecKo
366 2951 373 2966 .

277 2981 321 3036 35.
358 3000 433 3051 quem
446 2981 531 3045 iprum
546 2986 705 3050 numquam]
724 3001 854 3046 nurrquom
867 2985 953 3052 ipsum
968 2984 1037 3053 Venb.
1054 2987 1078 3040 l.
1094 2988 1121 3040 2
1141 2988 1234 3044 Med.

245 3068 337 3100 carum
353 3051 502 3117 excitanti]
520 3071 607 3101 caram
622 3060 751 3102 exortami
766 3051 823 3105 vit.
838 3081 873 3091 -
886 3072 976 3103 coram
990 3055 1056 3107 Veu.
1074 3057 1102 3109 2.
1116 3057 1192 3111 Tul.

239 3131 265 3168 et
280 3120 457 3186 recusantem]
470 3121 709 3181 recusandumlDr.
723 3121 791 3174 Ven.
809 3127 832 3174 1.
850 3124 875 3176 2.
887 3150 922 3160 -·
936 3125 974 3173 ad
986 3127 1164 3175 recusandum
1179 3126 1248 3180 Tul.
1263 3153 1287 3165 —

209 3189 263 3241 Sed
283 3187 428 3255 testificor,
454 3209 493 3241 mc
509 3209 527 3238 a
547 3200 571 3238 te
584 3201 707 3258 rogatum
729 3193 762 3239 ad
775 3193 949 3242 recusandum
965 3198 1029 3244 haee
1041 3195 1161 3246 seribere
1176 3215 1233 3250 note
1244 3213 1286 3248 ceu

208 3275 304 3308 autum
318 3257 396 3310 Med.
415 3274 472 3310 om.
484 3277 540 3307 ecee
552 3257 607 3308 Vit.

242 3326 358 3394 recepti]
377 3329 496 3394 precepti
509 3325 566 3378 Vit.
1068 3368 1071 3375 .

276 3395 345 3462 Gap·
365 3399 407 3452 11.
443 3396 486 3449 36.
513 3394 635 3462 sormam
653 3392 712 3463 qut]
737 3393 805 3448 Ven.
826 3398 852 3450 2·
871 3395 936 3449 Tul.
956 3398 987 3451 L.
1007 3397 1071 3452 Sch.
1096 3400 1151 3463 Or.
1173 3413 1285 3469 somam

102 3523 111 3538 ·
208 3483 274 3526 quae
285 3466 355 3516 Ver.
371 3467 395 3518 l.
414 3465 490 3519 Med.
500 3465 566 3516 Ern.
586 3467 610 3517 1·
628 3464 707 3530 prob.
721 3463 876 3518 Ramsht„
892 3466 928 3518 G.
945 3483 973 3534 p.
984 3467 1045 3523 355.
1062 3468 1286 3545 sormrtrn,quol

207 3532 264 3584 vit.
282 3534 335 3586 Dr.
352 3533 414 3588 Atd..
435 3536 479 3585 Ju.
498 3535 546 3589 Cr.
566 3532 663 3600 steph.
684 3532 741 3585 Cic.
759 3534 823 3586 Lex.
838 3535 874 3587 G.
891 3536 923 3589 L.
959 3537 1051 3590 Prima
1074 3539 1196 3596 dicendi
1219 3546 1284 3601 ratic

187 3646 189 3650 ,
207 3609 249 3651 est
262 3599 376 3670 elegans
391 3611 419 3654 et
434 3604 468 3653 ob
480 3603 588 3670 optimo
605 3618 716 3670 quoque
726 3603 897 3670 scriptorum
909 3605 1082 3660 Graecorum
1099 3617 1126 3660 et
1144 3612 1285 3671 Romano

206 3685 271 3720 rum
280 3681 426 3740 usurpato:
445 3673 535 3724 altera
547 3681 589 3722 est
597 3671 719 3738 vulgaris
729 3680 757 3723 et
769 3689 785 3723 a
800 3673 920 3724 cultiore
933 3690 1062 3728 sermone
1071 3695 1168 3746 prope
1181 3686 1284 3738 alieno:

206 3737 323 3791 tertium
338 3750 434 3793 autem
448 3758 534 3808 genus
537 3739 677 3807 sormam,
696 3742 934 3808 quotlsecundum
945 3743 1159 3802 Germanorum
1177 3753 1285 3824 linguat

205 3823 314 3858 morem
329 3818 372 3860 est
384 3811 548 3864 formatum.
574 3809 658 3861 Conf.
674 3812 698 3861 J.
719 3811 743 3861 J.
754 3809 884 3862 Ochsner
900 3811 936 3863 ad
953 3813 1042 3866 Cicer.
1057 3816 1186 3886 Eclogas
1205 3841 1236 3894 p,
1249 3825 1285 3880 δα

239 3877 396 3947 χαρακτήρ]
414 3893 535 3930 caracter
547 3879 601 3929 Vll.

203 3997 206 4007 ·
230 3947 813 4086 ,ttifftt'ttlsstlftlt‘t'ttttlelul²·
832 3947 908 4003 nes.
923 3949 995 4018 Μ

238 4084 343 4152 rnulta]
368 4086 448 4137 multo
462 4086 562 4140 Lemb.

236 4155 323 4220 Attio]
338 4158 421 4210 Actio
431 4156 502 4208 Ven.
511 4159 537 4212 2.
545 4153 609 4207 Tul.
622 4152 747 4206 -Accic
761 4153 829 4206 Ven.
839 4157 862 4209 l.
880 4154 954 4207 Vict.
966 4157 1040 4212 Crat.
1051 4160 1129 4216 Man.
1143 4165 1286 4227 Lami).-

194 4222 332 4286 facultas
348 4227 434 4280 accio.
453 4225 509 4280 vit.
543 4225 589 4279 De
604 4220 745 4292 scriptura
758 4220 787 4274 h.
804 4240 832 4276 n.
851 4223 983 4282 Schneid.
997 4227 1051 4284 1.1.
1068 4235 1176 4301 p.241‚
