2692 5018
304 853 923 928 sscuuuuscu

72 1058 183 1142 Huius
199 1074 269 1141 libri
280 1104 424 1143 summum
436 1082 590 1145 consilium
608 1081 665 1145 lroc
679 1098 736 1154 est,
763 1096 795 1142 ut
812 1077 936 1164 per-fecti
957 1075 996 1140 ab
1017 1083 1150 1148 omnibus

68 1191 205 1273 partibus
229 1206 256 1250 et
280 1189 409 1252 absoluti
428 1196 555 1254 oratoris
580 1195 690 1275 species
716 1189 859 1276 quaeelam
882 1200 909 1246 et
930 1184 1037 1272 forma
1058 1190 1150 1276 effin-

69 1313 176 1378 gatur‚
211 1320 301 1380 quam
327 1301 442 1360 intuens
460 1298 589 1384 futurus
615 1314 732 1370 orator,
762 1292 804 1354 atl
825 1292 987 1377 pefectom
1010 1293 1148 1380 eloquen-

69 1407 142 1464 tiam
164 1403 351 1488 confirmare
371 1408 534 1467 orationem
550 1407 654 1486 possit.
704 1400 827 1462 Summo
848 1415 943 1460 autem
967 1402 1058 1463 totius
1081 1403 1147 1465 elis·

64 1512 228 1591 putationis
248 1509 306 1570 leuc
328 1509 438 1589 reclit,'
456 1527 489 1572 ut
512 1527 614 1573 orator
631 1505 780 1593 perfectus
802 1508 829 1564 is
847 1509 901 1582 sit,
932 1509 985 1591 qui
1006 1512 1066 1570 tria
1089 1509 1146 1573 illa

67 1614 187 1676 ‹licentli
206 1637 314 1697 genera
341 1616 387 1689 ita
416 1614 522 1677 lrabeat
548 1618 580 1675 in
606 1628 765 1698 potestate,
804 1627 838 1672 ut
854 1636 956 1694 parva
984 1618 1145 1695 summisse,

65 1719 187 1782 moclica
214 1735 385 1803 temperate,
420 1744 531 1805 magna
559 1724 689 1805 graviter
718 1718 814 1782 elicere
831 1722 934 1802 possit.
956 1720 1017 1782 vid.
1041 1747 1068 1784 c.
1088 1733 1142 1793 29.

65 1825 159 1888 Hanc
179 1825 407 1907 disputationem
427 1831 472 1888 ita
492 1831 655 1906 instruxit,
690 1842 723 1888 ut
747 1829 855 1910 posito·
867 1841 1008 1911 tanquam
1021 1829 1144 1917 Junsla.

64 1947 161 1994 mento
183 1931 363 2017 eloquentiae
382 1933 589 2018 philosophiae
607 1931 727 2009 studia,
749 1955 777 1994 c.
800 1940 830 2001 3.
850 1936 880 2000 4.
900 1935 999 2015 prima
1028 1934 1066 1997 ele
1081 1942 1143 2001 tri-

64 2039 119 2101 bus
144 2038 263 2101 clicemli
286 2039 440 2121 generibus
472 2044 549 2102 aiat‘
568 2065 660 2125 eaque
688 2040 844 2102 occasione
877 2061 976 2099 vnum
1004 2041 1141 2105 Atticum

63 2145 183 2209 eliceneli
200 2170 292 2227 genus
317 2145 374 2208 loc
397 2170 456 2206 esse
475 2163 563 2230 agat,
589 2145 672 2231 quotl
700 2147 801 2208 omnia
827 2160 896 2226 apte
920 2147 1015 2227 possit
1033 2146 1140 2233 eloqui,

62 2278 122 2316 non
146 2251 264 2312 aritium
285 2250 364 2314 illusl
385 2268 413 2314 et
435 2257 580 2331 ieiunum,
610 2250 693 2336 quael
713 2248 834 2335 quitlam
855 2258 1089 2315 consectarentur
1113 2281 1141 2322 c.

61 2365 141 2429 5-
156 2365 187 2422 9.
209 2357 314 2418 leimle
334 2381 403 2420 vero
425 2361 483 2419 tria
509 2359 632 2421 Oratori
651 2354 780 2418 uielenela
798 2355 949 2437 ostendat,
971 2357 1060 2442 quirl,
1078 2385 1139 2445 quo

60 2467 130 2530 loco
150 2481 177 2526 et
199 2463 346 2549 quomoclo
368 2463 471 2536 ‹licat5
498 2486 621 2547 quorum
645 2465 772 2544 primum
793 2463 826 2522 in
845 2465 1028 2540 inventione,
1064 2465 1140 2535 alte·

59 2597 126 2636 rum
149 2576 180 2633 in
202 2573 409 2654 dispositione,
435 2573 550 2631 tertium
567 2571 599 2630 in
620 2567 783 2630 elocutione
802 2585 929 2629 versetur
951 2590 977 2631 c.
995 2578 1138 2647 10-218.

58 2704 255 2764 assummum
276 2677 457 2762 eloquentiae
469 2678 528 2737 uim
552 2679 584 2736 in
608 2674 771 2736 elocutione
788 2677 914 2754 positam
933 2674 1048 2763 (laceat,
1063 2704 1139 2765 quae

56 2804 122 2849 tum
146 2784 261 2867 quidem
286 2784 418 2869 perflata
447 2785 502 2860 sit,
541 2805 606 2843 cum
635 2783 674 2841 sit
704 2777 747 2839 acl
775 2777 955 2860 docentium,
981 2781 1137 2847 clelecton⁴

56 2893 148 2970 (lum,
174 2889 365 2974 flectendum?
389 2885 636 2962 accommodata,
670 2884 701 2949 lt.
731 2908 757 2949 e.
784 2883 878 2945 tribus
900 2884 964 2950 illis
982 2891 1137 2974 generibus

59 2995 213 3062 courmosle
230 3013 340 3075 utatur,
363 2992 529 3058 cuiusmodi
545 2990 682 3068 elocutio,
704 2989 809 3074 quibus
821 2993 908 3074 quasi
924 2996 1017 3076 signis
1030 3021 1140 3081 agnos-
1216 3050 1222 3062 ,

56 3119 148 3166 catur
165 3117 192 3161 et
210 3097 373 3170 indicetur,
387 3097 463 3184 fuse
482 3099 663 3182 persequitur
682 3120 707 3158 c.
727 3103 875 3168 19-38.
922 3101 1052 3165 Tandem
1072 3106 1140 3187 ipsa

41 3209 161 3297 forma
186 3229 224 3267 ac
251 3204 404 3268 cliaracter
432 3206 573 3266 orationis
601 3202 744 3280 traditur,
780 3219 809 3262 et
834 3201 870 3263 tle
896 3207 1047 3268 verborum
1076 3234 1140 3270 sen-

47 3318 273 3397 tentiarumque
296 3309 456 3373 luminibus
477 3334 502 3373 c.
521 3314 669 3378 39-40.
691 3334 730 3381 ac
745 3308 863 3370 tanclem
886 3310 922 3370 sle
944 3307 1141 3372 collocatione

47 3421 210 3484 verborum
234 3443 260 3484 c.
282 3423 324 3487 44
346 3443 410 3504 sqq.
436 3431 516 3499 agat.
567 3415 614 3476 Ea
639 3432 734 3477 autem
760 3419 888 3477 cernitur
915 3413 966 3475 vel
988 3436 1056 3476 cum
1086 3438 1141 3478 ex·

47 3547 148 3590 trema
175 3552 240 3589 curn
268 3529 374 3609 primis
405 3541 473 3608 apte
505 3522 658 3585 coliaerent
682 3537 710 3583 et
736 3524 928 3584 enunciantur
959 3522 1142 3595 suavissimis

48 3633 195 3713 vocibusq
216 3632 263 3693 vel
286 3659 351 3696 cum
363 3633 474 3718 forma
496 3633 562 3712 ipsa
584 3631 823 3713 concinnitasque
847 3627 999 3689 uer-lorum
1022 3631 1142 3712 conficit

56 3738 157 3801 orbem
180 3764 280 3815 suum,
301 3738 350 3802 vel
371 3744 456 3802 tertio
486 3761 552 3801 cum
570 3734 689 3819 periotli
707 3751 775 3819 apte
795 3757 1000 3818 numeroseque
1021 3733 1138 3802 caelum.

54 3841 164 3925 Itaque
189 3843 305 3904 tanclem
331 3846 430 3926 agitur
457 3841 650 3921 clenumero,
685 3844 767 3904 cuius
797 3843 880 3924 origo
914 3864 940 3902 c.
972 3841 1025 3910 62.
1046 3865 1141 3905 causa
1179 3846 1181 3851 '

54 3974 81 4013 c.
107 3956 159 4016 53.
183 3965 290 4009 natura
312 3974 338 4013 c.
358 3956 410 4020 53.
435 3971 480 4036 sq.
503 3967 530 4012 et
558 3959 628 4012 usus'
650 3975 678 4013 c.
701 3957 740 4017 61
754 3974 798 4034 sq.
821 3945 998 4011 eleclaratur.

490 4126 697 4143 ..n-fin*
