2692 5018
307 293 375 362 AD
413 291 639 361 MARCUM
672 291 904 361 BRUTUM.
1085 301 1143 364 137

72 430 296 512 nominantur
325 431 505 513 vocabulis.
554 447 740 515 Dichorens,
765 468 832 513 non
860 458 909 513 eet
926 446 983 513 ille
1004 447 1141 536 quidem
1155 463 1209 521 218

72 572 134 614 sua
155 562 273 637 sponte
302 551 439 615 vitiosus
466 550 501 615 in
529 551 699 628 clausulis,
736 549 794 613 aed
824 549 861 612 iu
890 549 1051 615 orationis
1078 557 1165 616 nu-‘

72 672 169 715 mero
192 649 278 713 nihil
301 663 350 717 eat
371 666 439 718 tam
462 652 619 717 vitiosum
645 675 746 738 quam
770 651 797 714 εἰ
820 673 953 737 semper
976 663 1025 715 est
1045 653 1146 718 idem.

73 751 173 816 Cadit
192 762 303 816 antem
328 775 390 838 per
409 777 445 817 se
467 753 523 818 ille
554 756 624 840 ipse
649 755 838 842 praeclare,
874 776 938 839 quo
965 752 1066 819 etiarn
1088 777 1148 818 εε-

73 852 170 916 tietas
191 851 402 919 formidanda
426 868 478 920 est
492 856 605 944 magis.
646 857 704 922 Me
717 866 824 920 stante
838 855 873 920 C.
890 854 1020 935 Carbo,
1043 857 1080 920 C.
1098 855 1160 936 F„-

75 955 230 1019 tribunus
252 955 413 1042 plebisrin
443 959 604 1023 concione
633 958 717 1022 dixit
739 957 790 1022 his
812 955 940 1034 verbis,
973 955 1005 1021 Ο
1024 961 1145 1027 Marce
1170 1014 1173 1019 ,

73 1056 207 1130 Druna,
220 1066 360 1145 patrem
381 1059 532 1146 appello:
554 1060 637 1126 haec
658 1059 794 1145 quidem
817 1058 882 1123 duo
898 1057 985 1122 binis
1007 1058 1147 1145 pedibus
1168 1104 1171 1109 -

73 1158 216 1225 incisim.
259 1158 349 1224 Dein
369 1161 600 1242 membratim,
638 1171 689 1227 Tu
711 1159 823 1226 dicere
844 1159 990 1240 colebat,
1011 1181 1149 1226 caeram

74 1285 147 1326 eece
175 1260 443 1350 rempublicam.-
463 1270 466 1275 ’
483 1264 565 1329 haec
594 1265 677 1330 item
707 1261 860 1328 membra
886 1261 1003 1329 ternis.
1065 1263 1145 1328 Post
1155 1275 1209 1335 214

74 1363 239 1444 ambitus,
274 1361 484 1452 Quicumque
509 1389 588 1433 eam
608 1365 809 1444 violaaaent,
839 1363 882 1430 ab
900 1363 1055 1452 omm’bne¹
1074 1366 1153 1428 εεεε

76 1467 108 1532 ei
125 1487 254 1555 poenae
271 1463 489 1553 persolutae:
523 1466 711 1533 dichoreus.
758 1466 850 1534 Nihil
878 1467 918 1532 ad
948 1488 1021 1532 rem
1046 1468 1153 1545 enim,¹

74 1582 225 1635 extrema
252 1566 310 1632 illa
328 1568 435 1654 ‘longa
463 1569 507 1636 eit
526 1593 571 1635 an
593 1569 710 1634 brevia.
760 1567 921 1647 Deinde,
941 1568 1064 1634 Patria
1092 1569 1174 1634 di·'

74 1683 168 1740 otum
189 1671 324 1758 capione
349 1673 529 1738 temeritas
547 1668 628 1760 filii
651 1669 891 1758 comprobavit.
936 1672 1009 1739 Hoc
1030 1672 1150 1737 dicho-

74 1796 137 1840 reo
156 1784 267 1838 taulus
289 1774 415 1838 clamor
436 1773 604 1839 concionis
627 1777 784 1838 excitatus
807 1783 871 1852 est,
893 1784 932 1837 ut
953 1774 1151 1840 admirabile

76 1888 174 1942 esset.
219 1874 371 1963 Quaero,
393 1898 509 1940 noune
530 1874 564 1940 id
583 1897 744 1940 numerus
767 1874 939 1938 effecerit?
960 1874 1150 1941 Verborum

77 1977 227 2044 ordinem
250 1969 411 2059 immuta,
434 1978 487 2042 fac
507 1975 573 2056 eie,
604 1975 844 2064 Comprobavit
857 1973 937 2063 filii
960 1979 1151 2056 temeritas,

75 2080 146 2146 iam
168 2080 253 2145 nihil
274 2081 352 2160 erit,
375 2081 433 2144 etsi
456 2080 631 2145 temeritas
650 2079 814 2145 extribus
831 2077 985 2143 brevibus
1002 2093 1035 2145 ct
1050 2083 1149 2165 longa

67 2194 142 2263 ¹est,
165 2203 268 2268 quem
290 2181 481 2248 Aristoteles
511 2192 550 2247 ut
578 2181 743 2269 optimum
767 2181 904 2269 probat,
942 2205 962 2246 a
991 2205 1056 2266 quo
1080 2182 1148 2245 dis-

50 2276 198 2352 'eentia
239 2287 284 2352 At
306 2283 421 2349 eadem
445 2284 680 2350 verbaeadem
701 2283 875 2352 sententia.
919 2285 1041 2354 Animo
1063 2284 1147 2348 istnc
1162 2299 1213 2354 215

78 2415 288 2432 m

79 2487 217 2544 uocabulis
235 2488 404 2540 nominantur
418 2488 476 2546 vtt.
493 2514 528 2530 -
545 2491 614 2559 quod
628 2491 662 2540 ab
676 2488 734 2541 illie
749 2490 832 2540 eidem
843 2490 923 2555 peden
939 2487 977 2543 al.
994 2488 1085 2542 vocab.
1099 2505 1151 2539 ao-

81 2563 144 2617 min.
157 2560 253 2611 Dr.-
266 2561 335 2626 quod
349 2562 404 2610 iam
417 2561 452 2608 ab
466 2559 529 2610 aliie
542 2561 620 2611 iidem
632 2579 659 2625 p.
680 2559 743 2609 aliie
757 2577 812 2608 voc.
822 2577 847 2608 a.
860 2557 928 2612 Ruf.

148 2628 210 2683 213.
245 2628 454 2691 attilanam]
473 2629 542 2680 nihil
555 2640 595 2679 eet
610 2631 677 2678 enim
690 2641 745 2678 tam
759 2647 782 2680 υ.
794 2631 852 2683 vit.

113 2711 154 2752 ert
174 2695 258 2764 idem]
278 2713 334 2750 om.
348 2709 385 2747 eet
398 2702 467 2752 Ven.
480 2699 506 2751 2.

113 2769 161 2821 ille
180 2770 254 2833 ipse]
273 2769 328 2832 ipae
339 2764 387 2817 ille
400 2766 467 2819 Rut.
478 2793 512 2804 -
526 2782 582 2819 om.
596 2767 653 2834 ipae
667 2766 746 2822 Man.

116 2845 144 2894 G.
167 2835 267 2904 Carbo]
286 2838 330 2887 M.
349 2837 430 2886 Carbo
450 2851 507 2904 mg.
522 2835 586 2887 Tul.

117 2908 240 2966 incisim]
264 2921 290 2958 v.
304 2902 414 2956 Nonius
436 2921 457 2959 ε.
470 2923 496 2956 r.
515 2930 548 2942 -
564 2905 630 2954 baec
644 2904 747 2973 quidem
762 2904 862 2957 duobus
881 2902 911 2954 ire
925 2902 968 2954 hie
985 2902 1095 2972 pedibus
1111 2904 1153 2953 ia-

84 2976 174 3040 cieim,
191 2976 284 3025 deinde
298 2975 462 3023 membratim
472 2973 538 3025 Rut.

117 3038 196 3108 dela]
215 3045 306 3093 deiude
320 3041 375 3096 Vll.
387 3070 424 3081 -
438 3045 530 3092 deinde
541 3042 702 3091 membratim
716 3043 815 3104 ternio,
833 3052 863 3092 tu
877 3041 910 3097 L.

150 3113 210 3167 214.
247 3114 312 3162 haec
327 3112 405 3180 item]
426 3111 474 3160 hoc
489 3113 551 3160 item
571 3112 636 3160 Ven.
654 3112 676 3163 1·
695 3113 721 3162 2.
737 3109 802 3162 Tul.
826 3137 858 3149 -
879 3111 972 3160 deinde
993 3110 1055 3158 item
1077 3127 1156 3157 mem-

82 3184 182 3234 bratim
197 3182 347 3247 quaternio:
363 3193 424 3247 port
439 3178 560 3230 clausula
581 3180 695 3230 ambitae
716 3184 747 3232 L.
769 3207 802 3217 -
821 3178 887 3229 haee
907 3181 971 3228 item
991 3180 1154 3228 rnembratim

81 3252 228 3322 quaternio.
244 3261 304 3317 post
323 3250 438 3298 arabitur
455 3247 544 3300 Schir·

116 3319 277 3388 violassent]
295 3318 350 3373 vtt.
365 3316 505 3387 Grypum
517 3317 699 3387 -quicunque
712 3315 836 3367 viola-raet
846 3314 1157 3369 Rufiu-vialauiraeat

82 3390 189 3443 Ceteri.

115 3454 281 3526 persolutae]
298 3454 454 3523 percolatur.
469 3454 618 3523 persolutae
631 3454 768 3507 dichoreus
779 3454 812 3504 L.

117 3525 187 3577 nihil
200 3528 237 3576 ad
251 3545 304 3576 rem
320 3526 406 3592 enim]
424 3523 590 3575 Dru-nihil
600 3527 669 3573 euim
683 3526 721 3573 ad
736 3541 789 3573 rem
808 3521 911 3574 Celeri·

117 3597 313 3662 comprobavit]
333 3593 448 3648 Ouinct.
462 3593 516 3658 IX,
542 3592 575 3660 4,
596 3593 655 3647 108·
679 3591 812 3660 „clauda
835 3603 861 3642 et
882 3589 1036 3654 dichoreus,
1060 3589 1090 3640 id
1109 3602 1156 3657 eat,

80 3685 129 3738 pec
143 3666 196 3714 aibr·
211 3666 266 3731 ipae
279 3653 403 3725 iungetur
417 3681 466 3732 qiua
480 3663 580 3712 Ariani
595 3673 656 3712 eunt
677 3664 719 3711 nei
736 3660 895 3728 plurimum:
922 3662 995 3709 cuiue
1014 3658 1158 3726 exeroplum

85 3736 175 3785 Cicero
191 3736 281 3800 ponit:
312 3734 400 3781 Patria
419 3733 517 3780 dictum
542 3733 648 3797 capiere
667 3733 802 3780 temeritate
822 3729 883 3796 filii
905 3729 1108 3795 comprobavit.“
1125 3757 1158 3768 --

82 3800 386 3867 Comparavtttteiatus
405 3800 462 3851 Cic.
482 3799 516 3850 de
530 3797 614 3863 divin.
640 3802 666 3864 1,
684 3799 728 3853 23.
750 3827 779 3838 -
799 3799 893 3870 „quod
912 3800 1007 3847 matria
1030 3799 1157 3848 somnium
1246 3842 1260 3863 ἱ

82 3870 276 3938 immaniafilii
291 3868 434 3920 crudelium
450 3870 656 3936 comprobavil.⁸‘

117 3942 267 4000 excitatus]
286 3940 446 3988 exercitatae
462 3939 513 3988 Dr.
1256 3983 1257 3986 Ἰ

102 4026 214 4129 dagnelro
221 4006 329 4129 gozae]
346 4026 440 4127 rading¹
450 4005 528 4126 Mfie'tli
541 4005 605 4059 Tul.
618 4025 751 4130 {aanor
764 4006 832 4061 Em.
849 4003 885 4057 At
903 4002 940 4059 cf.
955 4003 1059 4062 Sabell.
1075 4004 1160 4068 Olus,

82 4096 100 4132 ἃ
158 4115 203 4130 .,
251 4091 376 4127 emera
433 4092 468 4127 lc.
504 4092 577 4126 00·
614 4112 692 4126 0·

119 4165 196 4217 quem
210 4146 382 4212 Athroula]
403 4164 481 4213 quom
497 4149 528 4197 A.
549 4091 611 4195 gill,

154 4215 216 4270 215.
251 4214 392 4282 di'eeentio]
411 4217 537 4266 dimensio
556 4213 634 4268 Crat.

121 4284 210 4353 ictuc]
230 4284 303 4336 ietud
318 4282 385 4336 Sch.
403 4285 429 4338 2·
